"Company: ","Aflac Incorporated (AFL:US)","","","","","","","","","","","","","","","","","","","","","","","",""
"Exchange: ","NYSE","","","","","","","","","","","","","","","","","","","","","","","",""
"Last Close Price: ","90.01000000000001","","","","","","","","","","","","","","","","","","","","","","","",""
"Industry: ","Insurance","","","","","","","","","","","","","","","","","","","","","","","",""
"Currency: ","USD","","","","","","","","","","","","","","","","","","","","","","","",""
"Country: ","US","","","","","","","","","","","","","","","","","","","","","","","",""
"Market Cap.: ","51145","","","","","","","","","","","","","","","","","","","","","","","",""
"Enterprise Value: ","53959","","","","","","","","","","","","","","","","","","","","","","","",""
"period_end_date","2000-12","2001-12","2002-12","2003-12","2004-12","2005-12","2006-12","2007-12","2008-12","2009-12","2010-12","2011-12","2012-12","2013-12","2014-12","2015-12","2016-12","2017-12","2018-12","2019-12","2020-12","2021-12","2022-12","2023-12","TTM"
"premiums_earned","8222","8061","8595","9921","11302","11990","12314","12973","14947","16621","18073","20362","22148","20135","19072","17570","19225","18531","18677","18780","18622","17095","14901","14123","13891"
"net_investment_income","1550","1550","1614","1787","1957","2071","2171","2333","2578","2765","2547","1134","2650","3430","3319","2939","3193","3183","3154","3391","3951","3030","2478","3278","3110"
"fees_and_other_income","-69","-13","48","-261","22","302","131","87","-971","-1132","38","594","474","262","215","302","71","-114","-123","70","-312","1419","1770","1437","2450"
"revenue","9703","9598","10257","11447","13281","14363","14616","15393","16554","18254","20658","22090","25272","23827","22606","20811","22489","21600","21708","22241","22261","21544","19149","18838","19451"
"sga","1798","1799","1879","2152","2380","2583","2640","1331","1460","3545","3699","3950","","","","","","","","","","","","",""
"net_policyholder_claims_expense","6601","6303","6589","7529","8482","8890","9016","9285","10499","11308","14265","16085","17745","16035","15198","14352","15715","14961","14988","15031","15216","14017","12136","11376","11198"
"policy_acquisition_expense","302","328","385","464","519","542","574","640","775","942","958","1033","1117","1074","1108","1066","1141","1132","1245","1282","1214","835","792","816","826"
"interest_expense_insurance","19","19","20","22","23","23","19","27","29","72","149","196","261","293","317","289","268","240","222","228","242","238","226","195","194"
"operating_income","1012","1081","1259","1198","1773","2226","2264","2499","1914","2235","3561","2950","4302","4816","4491","3862","4067","4018","3983","4445","4159","5208","4869","5262","6090"
"pretax_income","1012","1081","1259","1198","1773","2226","2264","2499","1914","2235","3561","2950","4302","4816","4491","3862","4067","4018","3983","4445","4159","5208","4869","5262","6090"
"income_tax","-325","-394","-438","-430","-507","-743","-781","-865","-660","-738","-1233","-1013","-1436","-1658","-1540","-1329","-1408","586","-1063","-1141","619","-977","-451","-603","-740"
"net_income_continuing","687","687","821","768","1266","1483","1483","1634","1254","1497","2328","1937","2866","3158","2951","2533","2659","4604","2920","3304","4778","4231","4418","4659","5350"
"net_income_discontinued","","","","","","","","","","","","","","","","","","","","","","","","",""
"income_allocated_to_minority_interest","","","","","","","","","","","","","","","","","","","","","","","","",""
"net_income","687","687","821","768","1266","1483","1483","1634","1254","1497","2328","1937","2866","3158","2951","2533","2659","4604","2920","3304","4778","4231","4418","4659","5350"
"preferred_dividends","","","","","","","","","","","","","","","","","","","","","","","","",""
"net_income_available_to_shareholders","687","687","821","768","1266","1483","1483","1634","1254","1497","2328","1937","2866","3158","2951","2533","2659","4604","2920","3304","4778","4231","4418","4659","5350"
"eps_basic","0.65","0.66","0.8","0.75","1.25","1.48","1.5","1.68","1.33","1.61","2.48","2.08","3.07","3.4","3.27","2.94","3.23","5.81","3.79","4.45","6.69","6.28","6.96","7.81","9.1"
"eps_diluted","0.63","0.64","0.78","0.74","1.23","1.46","1.48","1.66","1.31","1.6","2.46","2.06","3.06","3.38","3.25","2.93","3.21","5.77","3.77","4.43","6.67","6.25","6.93","7.78","9.06"
"shares_basic","1061.214","1050.196","1035.082","1026.44","1014.666","1001.878","991.228","975.7380000000001","946.8099999999999","933.104","938.076","933.038","933.736","929.004","902.408","861.308","822.942","792.042","769.588","742.414","713.702","673.617","634.816","596.173","596.173"
"shares_diluted","1089.812","1074.766","1056.652","1044.276","1032.842","1015.408","1003.654","987.942","957.63","938.126","946.17","938.74","938.574","934.816","908","866.3440000000001","827.841","797.861","774.65","746.4299999999999","716.192","676.729","637.655","598.745","598.745"
"cash_and_equiv","609","852","1379","1052","3813","1297","1203","1563","941","2323","2121","2249","2041","2543","4658","4350","4859","3491","4337","4896","5141","5051","3943","4306","4306"
"total_investments","26053","31922","37741","42966","48101","47635","50711","55493","67522","70869","86109","101045","116004","105453","102512","101253","110052","116766","121119","131718","142183","134085","109384","104724","104724"
"receivables","300","341","435","547","418","584","535","732","920","764","661","680","976","1165","842","705","669","827","851","828","796","672","647","848","848"
"deferred_policy_acquisition_cost","3685","3651","4277","5044","5595","5590","6025","6654","8237","8533","9734","9789","9658","8798","8273","8511","8993","9505","9875","10128","10441","9525","9239","9132","9132"
"ppe_net","481","456","482","518","515","448","458","496","597","593","620","617","564","481","429","427","433","434","443","581","601","538","530","445","445"
"intangible_assets","","","","","","","","","","","","","","","","","","","","","","","","",""
"other_lt_assets","6103","638","744","837","884","807","873","867","1114","1024","1794","1857","1851","2867","3053","3010","4813","6194","3781","4617","5924","7671","7995","7269","7269"
"total_assets","37231","37860","45058","50964","59326","56361","59805","65805","79331","84106","101039","116237","131094","121307","119767","118256","129819","137217","140406","152768","165086","157542","131738","126724","126724"
"unearned_premiums","355","352","428","516","593","594","645","693","874","926","1197","1704","11904","10642","8626","7857","6916","5959","5090","4243","3597","2576","1825","1451","1451"
"future_policy_benefits","26114","25106","29797","35588","39360","37853","40841","45675","59310","61501","72103","79278","76463","69136","65646","69687","76106","81857","86368","90335","97783","90588","88241","83718","83718"
"other_current_liabilities","30213","4990","7127","5699","8935","7081","7223","6839","8969","8954","11316","15919","13211","13342","14954","14427","16091","16076","15750","17346","17672","16247","7542","6584","6584"
"st_debt","","","","","","","","","","","","","","","300","","649","548","","","","","","",""
"current_deferred_tax_liability","","","","","","","","","","","","","","","","","","","","","","","","",""
"lt_debt","1079","1207","1312","1409","1429","1395","1426","2273","1721","2599","3038","3285","4352","4897","4982","4971","4711","4741","5778","6569","7899","7956","7442","7364","7364"
"other_lt_liabilities","-25224","780","","1106","1433","1511","1329","1530","1818","1709","2329","3105","9186","8670","6912","3606","4864","3438","3958","5316","4576","6922","6548","5622","5622"
"total_liabilities","32537","32435","38664","44318","51750","48434","51464","57010","72692","75689","89983","103291","115116","106687","101420","100548","109337","112619","116944","123809","131527","124289","111598","104739","104739"
"common_stock","32","65","65","65","65","65","66","66","66","66","66","66","67","67","67","67","67","135","135","135","135","135","135","136","136"
"preferred_stock","","","","","","","","","","","","","","","","","","","","","","","","",""
"retained_earnings","3956","4542","5244","5885","6785","8048","9304","10637","11306","12410","14194","15148","17387","19885","22156","24007","25981","29895","31788","34291","37984","41381","44367","47993","47993"
"aoci","1668","2091","2630","2493","2611","1957","1426","934","-582","29","862","1965","2715","-563","1979","625","2630","4028","2151","6615","8934","7393","-6429","-5520","-5520"
"apic","336","338","371","417","676","791","895","1054","1184","1228","1320","1408","1505","1644","1711","1828","1976","2052","2177","2313","2410","2529","2641","2771","2771"
"treasury_stock","-1298","-1611","-1916","-2214","-2561","-2934","-3350","-3896","-5335","-5316","-5386","-5641","-5696","-6413","-7566","-8819","-10172","-11512","-12789","-14395","-15904","-18185","-20574","-23395","-23395"
"other_equity","","","","","","","","","","","","","","","","","","","","","","","","",""
"total_equity","4694","5425","6394","6646","7576","7927","8341","8795","6639","8417","11056","12946","15978","14620","18347","17708","20482","24598","23462","28959","33559","33253","20140","21985","21985"
"total_liabilities_and_equity","37231","37860","45058","50964","59326","56361","59805","65805","79331","84106","101039","116237","131094","121307","119767","118256","129819","137217","140406","152768","165086","157542","131738","126724","126724"
"cfo_net_income","687","687","821","768","1266","1483","1483","1634","1254","1497","2328","1937","2866","3158","2951","2533","2659","4604","2920","3304","4778","4231","4418","4659","5350"
"cfo_da","","","","","","","","","74","","","","","","","","","","","","","","","",""
"cfo_receivables","-35","-44","-11","-86","159","-43","-41","-176","-10","406","1078","25","-199","-8","-7","147","42","-91","-55","-32","58","72","5","-133","-67"
"cfo_inventory","","","","","","","","","","","","","","","","","","","","","","","","",""
"cfo_prepaid_expenses","-310","-323","","","","","","","","","","","","","","","","","","","","","","",""
"cfo_other_working_capital","3014","2424","2080","2316","2927","3201","3010","3161","2502","2800","3258","7163","12074","7395","3512","3488","3238","1650","2407","1860","604","870","217","-1519","-1432"
"cfo_change_in_working_capital","2669","2057","2069","2230","3086","3158","2969","2985","2492","3206","4336","7188","11875","7387","3505","3635","3280","1559","2352","1828","662","942","222","-1652","-1499"
"cfo_deferred_tax","-13","56","","","","","","","","","","","","","","","","","","","","","","",""
"cfo_stock_comp","","","","","","","","","","","","","","","","","","","","","","","","",""
"cfo_other_noncash_items","-98","49","148","391","134","-208","-55","37","1145","1458","325","1717","211","2","94","608","48","-35","742","323","518","-122","-761","183","-702"
"cf_cfo","3245","2849","3038","3389","4486","4433","4397","4656","4965","6161","6989","10842","14952","10547","6550","6776","5987","6128","6014","5455","5958","5051","3879","3190","3149"
"cfi_ppe_net","-26","-45","-25","-21","-21","-16","-23","-46","-49","","","","","","","","","","","","","","","",""
"cfi_acquisitions_net","","","","","","","","","","-83","","","","","","-40","","","","","","","","",""
"cfi_investment_net","-3151","-2825","-2716","-2746","-3903","-4439","-4224","-3576","-4891","-4107","-7092","-11414","-22911","-12093","-1054","-3380","-2343","-3346","-194","-1387","-2149","-2747","728","722","585"
"cfi_intangibles_net","","","","","","","","","","","","","","","","","","","","","","","","",""
"cfi_other","118","397","467","-733","2506","-2237","190","-32","657","-1286","-340","585","5959","1002","-3187","-1477","-1512","-2085","-3388","-1784","-2470","369","-2268","95","536"
"cf_cfi","-3059","-2473","-2274","-3500","-1418","-6692","-4057","-3654","-4283","-5476","-7432","-10829","-16952","-11091","-4241","-4897","-3855","-5431","-3582","-3171","-4619","-2378","-1540","817","1121"
"cff_common_stock_net","-208","-312","-311","-310","-353","-388","-428","-559","-1458","7","-76","-282","-86","-725","-1177","-1279","-1376","-1318","-1243","-1578","-1503","-2275","-2384","-2784","-2830"
"cff_pfd_net","","","","","","","","","","","","","","","","","","","","","","","","",""
"cff_debt_net","107","217","20","-20","-12","91","5","-5","-5","845","297","158","1165","700","415","-274","376","-121","470","615","1195","453","-139","204","1027"
"cff_dividend_paid","-82","-95","-112","-146","-182","-209","-258","-373","-434","-524","-535","-552","-603","-635","-654","-656","-658","-661","-793","-771","-769","-855","-979","-966","-996"
"cff_other","53","148","83","178","234","310","247","282","514","371","475","740","1469","1796","1269","22","39","35","-50","21","-38","-62","-49","-177","-247"
"cf_cff","-130","-42","-320","-298","-313","-196","-434","-655","-1383","699","161","64","1945","1136","-147","-2187","-1619","-2065","-1616","-1713","-1115","-2739","-3551","-3723","-3046"
"ebitda","1012","1081","1259","1198","1773","2226","2264","2499","1988","2235","3561","2950","4302","4816","4491","3862","4067","4018","3983","4445","4159","5208","4869","5262","6090"
"policy_revenue","8153","8048","8643","9660","11324","12292","12445","13060","13976","15489","18111","20956","22622","20397","19287","17872","19296","18417","18554","18850","18310","18514","16671","15560","16341"
"underwriting_profit","1250","1417","1669","1667","2323","2860","2855","3135","2702","3239","2888","3838","3760","3288","2981","2454","2440","2324","2321","2537","1880","3662","3743","3368","4317"
"book_value","4694","5425","6394","6646","7576","7927","8341","8795","6639","8417","11056","12946","15978","14620","18347","17708","20482","24598","23462","28959","33559","33253","20140","21985","23537"
"tangible_book_value","4694","5425","6394","6646","7576","7927","8341","8795","6639","8417","11056","12946","15978","14620","18347","17708","20482","24598","23462","28959","33559","33253","20140","21985","23537"
"roa","0.02","0.02","0.02","0.02","0.02","0.03","0.03","0.03","0.02","0.02","0.03","0.02","0.02","0.03","0.02","0.02","0.02","0.03","0.02","0.02","0.03","0.03","0.03","0.04","0.04"
"roe","0.16","0.14","0.14","0.12","0.18","0.19","0.18","0.19","0.16","0.2","0.24","0.16","0.2","0.21","0.18","0.14","0.14","0.2","0.12","0.13","0.15","0.13","0.17","0.22","0.25"
"roi","0.06","0.05","0.05","0.04","0.04","0.04","0.04","0.04","0.04","0.04","0.03","0.01","0.02","0.03","0.03","0.03","0.03","0.03","0.03","0.03","0.03","0.02","0.02","0.03","0.03"
"ebitda_margin","0.1","0.11","0.12","0.1","0.13","0.15","0.15","0.16","0.12","0.12","0.17","0.13","0.17","0.2","0.2","0.19","0.18","0.19","0.18","0.2","0.19","0.24","0.25","0.28","0.31"
"operating_margin","0.1","0.11","0.12","0.1","0.13","0.15","0.15","0.16","0.12","0.12","0.17","0.13","0.17","0.2","0.2","0.19","0.18","0.19","0.18","0.2","0.19","0.24","0.25","0.28","0.31"
"pretax_margin","0.1","0.11","0.12","0.1","0.13","0.15","0.15","0.16","0.12","0.12","0.17","0.13","0.17","0.2","0.2","0.19","0.18","0.19","0.18","0.2","0.19","0.24","0.25","0.28","0.31"
"net_income_margin","0.07000000000000001","0.07000000000000001","0.08","0.07000000000000001","0.1","0.1","0.1","0.11","0.08","0.08","0.11","0.09","0.11","0.13","0.13","0.12","0.12","0.21","0.13","0.15","0.21","0.2","0.23","0.25","0.28"
"underwriting_margin","0.15","0.18","0.19","0.17","0.21","0.23","0.23","0.24","0.19","0.21","0.16","0.18","0.17","0.16","0.15","0.14","0.13","0.13","0.13","0.13","0.1","0.2","0.22","0.22","0.26"
"assets_to_equity","7.93","6.98","7.05","7.67","7.83","7.11","7.17","7.48","11.95","9.99","9.140000000000001","8.98","8.199999999999999","8.300000000000001","6.53","6.68","6.34","5.58","5.98","5.28","4.92","4.74","6.54","5.76","5.3"
"equity_to_assets","0.13","0.14","0.14","0.13","0.13","0.14","0.14","0.13","0.08","0.1","0.11","0.11","0.12","0.12","0.15","0.15","0.16","0.18","0.17","0.19","0.2","0.21","0.15","0.17","0.19"
"premiums_per_share","7.54","7.5","8.130000000000001","9.5","10.94","11.81","12.27","13.13","15.61","17.72","19.1","21.69","23.6","21.54","21","20.28","23.22","23.23","24.11","25.16","26","25.26","23.37","23.59","23.56"
"revenue_per_share","8.9","8.93","9.710000000000001","10.96","12.86","14.15","14.56","15.58","17.29","19.46","21.83","23.53","26.93","25.49","24.9","24.02","27.17","27.07","28.02","29.8","31.08","31.84","30.03","31.46","32.99"
"ebitda_per_share","0.93","1.01","1.19","1.15","1.72","2.19","2.26","2.53","2.08","2.38","3.76","3.14","4.58","5.15","4.95","4.46","4.91","5.04","5.14","5.96","5.81","7.7","7.64","8.789999999999999","10.32"
"operating_income_per_share","0.93","1.01","1.19","1.15","1.72","2.19","2.26","2.53","2","2.38","3.76","3.14","4.58","5.15","4.95","4.46","4.91","5.04","5.14","5.96","5.81","7.7","7.64","8.789999999999999","10.32"
"pretax_income_per_share","0.93","1.01","1.19","1.15","1.72","2.19","2.26","2.53","2","2.38","3.76","3.14","4.58","5.15","4.95","4.46","4.91","5.04","5.14","5.96","5.81","7.7","7.64","8.789999999999999","10.32"
"book_value_per_share","4.31","5.05","6.05","6.36","7.34","7.81","8.31","8.9","6.93","8.970000000000001","11.69","13.79","17.02","15.64","20.21","20.44","24.74","30.83","30.29","38.8","46.86","49.14","31.58","36.72","40.76"
"tangible_book_per_share","4.31","5.05","6.05","6.36","7.34","7.81","8.31","8.9","6.93","8.970000000000001","11.69","13.79","17.02","15.64","20.21","20.44","24.74","30.83","30.29","38.8","46.86","49.14","31.58","36.72","40.76"
"payout_ratio","0.13","0.15","0.15","0.2","0.16","0.15","0.19","0.24","0.37","0.35","0.23","0.3","0.22","0.21","0.23","0.27","0.26","0.15","0.28","0.24","0.17","0.21","0.23","0.22","0.19"
"premiums_growth","0.13","-0.02","0.07000000000000001","0.15","0.14","0.06","0.03","0.05","0.15","0.11","0.09","0.13","0.09","-0.09","-0.05","-0.08","0.09","-0.04","0.01","0.01","-0.01","-0.08","-0.13","-0.05",""
"policy_revenue_growth","0.12","-0.01","0.07000000000000001","0.12","0.17","0.09","0.01","0.05","0.07000000000000001","0.11","0.17","0.16","0.08","-0.1","-0.05","-0.07000000000000001","0.08","-0.05","0.01","0.02","-0.03","0.01","-0.1","-0.07000000000000001",""
"revenue_growth","0.12","-0.01","0.07000000000000001","0.12","0.16","0.08","0.02","0.05","0.08","0.1","0.13","0.07000000000000001","0.14","-0.06","-0.05","-0.08","0.08","-0.04","0.01","0.02","","-0.03","-0.11","-0.02",""
"ebitda_growth","0.3","0.07000000000000001","0.16","-0.05","0.48","0.26","0.02","0.1","-0.2","0.12","0.59","-0.17","0.46","0.12","-0.07000000000000001","-0.14","0.05","-0.01","-0.01","0.12","-0.06","0.25","-0.07000000000000001","0.08",""
"operating_income_growth","0.3","0.07000000000000001","0.16","-0.05","0.48","0.26","0.02","0.1","-0.23","0.17","0.59","-0.17","0.46","0.12","-0.07000000000000001","-0.14","0.05","-0.01","-0.01","0.12","-0.06","0.25","-0.07000000000000001","0.08",""
"pretax_income_growth","0.3","0.07000000000000001","0.16","-0.05","0.48","0.26","0.02","0.1","-0.23","0.17","0.59","-0.17","0.46","0.12","-0.07000000000000001","-0.14","0.05","-0.01","-0.01","0.12","-0.06","0.25","-0.07000000000000001","0.08",""
"net_income_growth","0.2","","0.2","-0.06","0.65","0.17","","0.1","-0.23","0.19","0.5600000000000001","-0.17","0.48","0.1","-0.07000000000000001","-0.14","0.05","0.73","-0.37","0.13","0.45","-0.11","0.04","0.05",""
"eps_diluted_growth","0.21","0.02","0.21","-0.05","0.67","0.19","0.01","0.12","-0.21","0.22","0.54","-0.16","0.48","0.11","-0.04","-0.1","0.1","0.8","-0.35","0.18","0.51","-0.06","0.11","0.12",""
"shares_diluted_growth","-0.01","-0.01","-0.02","-0.01","-0.01","-0.02","-0.01","-0.02","-0.03","-0.02","0.01","-0.01","","","-0.03","-0.05","-0.04","-0.04","-0.03","-0.04","-0.04","-0.06","-0.06","-0.06",""
"cash_and_equiv_growth","-0.01","0.4","0.62","-0.24","2.62","-0.66","-0.07000000000000001","0.3","-0.4","1.47","-0.09","0.06","-0.09","0.25","0.83","-0.07000000000000001","0.12","-0.28","0.24","0.13","0.05","-0.02","-0.22","0.09",""
"total_investments_growth","0.02","0.23","0.18","0.14","0.12","-0.01","0.06","0.09","0.22","0.05","0.22","0.17","0.15","-0.09","-0.03","-0.01","0.09","0.06","0.04","0.09","0.08","-0.06","-0.18","-0.04",""
"total_assets_growth","0.01","0.02","0.19","0.13","0.16","-0.05","0.06","0.1","0.21","0.06","0.2","0.15","0.13","-0.07000000000000001","-0.01","-0.01","0.1","0.06","0.02","0.09","0.08","-0.05","-0.16","-0.04",""
"total_equity_growth","0.21","0.16","0.18","0.04","0.14","0.05","0.05","0.05","-0.25","0.27","0.31","0.17","0.23","-0.08","0.25","-0.03","0.16","0.2","-0.05","0.23","0.16","-0.01","-0.39","0.09",""
"shares_eop","1056.73","1035.22","1029.56","1021.86","1003.71","996.345","983.751","949.51","935.015","937.136","939.322","932.62","935.572","918.826","884.89","848.76","811.62","780.91","755.2859999999999","726.793","692.454","652.1319999999999","615.256","578.479","568.22"
"dividends","0.08","0.1","0.12","0.15","0.19","0.22","0.28","0.4","0.48","0.5600000000000001","0.57","0.62","0.67","0.71","0.75","0.79","0.83","0.87","1.04","1.08","1.12","1.32","1.6","1.68","1.76"
"price_to_earnings","27.76","18.5","18.89","24.07","15.79","15.59","15.26","18.2","17.09","14.48","11.39","10.41","8.67","9.720000000000001","9.16","10.04","10.62","7.44","11.78","11.64","6.44","9","10.02","10.24","9.15"
"price_to_book","4.06","2.34","2.42","2.78","2.64","2.92","2.71","3.38","3.23","2.58","2.4","1.56","1.56","2.1","1.47","1.44","1.38","1.39","1.47","1.33","0.92","1.15","2.2","2.17","2.08"
"price_to_sales","1.97","1.32","1.51","1.61","1.51","1.61","1.55","1.93","1.29","1.19","1.28","0.91","0.98","1.29","1.2","1.22","1.26","1.59","1.59","1.73","1.38","1.77","2.31","2.53","2.52"
"price_to_tangible_book","4.06","2.34","2.42","2.78","2.64","2.92","2.71","3.38","3.23","2.58","2.4","1.56","1.56","2.1","1.47","1.44","1.38","1.39","1.47","1.33","0.92","1.15","2.2","2.17","2.08"
"market_cap","19073.9765","12712.5016","15505.1736","18485.4474","19993.9032","23125.16745","22626.273","29738.6532","21430.5438","21675.95568","26507.66684","20172.5706","24848.79232","30688.7884","27033.3895","25420.362","28244.376","34274.1399","34410.83016","38447.3497","30793.42938","38077.98748","44261.51664","47724.5175","48964.06908"
"period_end_price","18.05","12.28","15.06","18.09","19.92","23.21","23","31.32","22.92","23.13","28.22","21.63","26.56","33.4","30.55","29.95","34.8","43.89","45.56","52.9","44.47","58.39","71.94","82.5","82.5"
