"Company: ","BOK Financial Corporation (BOKF:US)","","","","","","","","","","","","","","","","","","","","","","","",""
"Exchange: ","NASDAQ","","","","","","","","","","","","","","","","","","","","","","","",""
"Last Close Price: ","88.7","","","","","","","","","","","","","","","","","","","","","","","",""
"Industry: ","Banks","","","","","","","","","","","","","","","","","","","","","","","",""
"Currency: ","USD","","","","","","","","","","","","","","","","","","","","","","","",""
"Country: ","US","","","","","","","","","","","","","","","","","","","","","","","",""
"Market Cap.: ","5808","","","","","","","","","","","","","","","","","","","","","","","",""
"Enterprise Value: ","11498","","","","","","","","","","","","","","","","","","","","","","","",""
"period_end_date","2000-12","2001-12","2002-12","2003-12","2004-12","2005-12","2006-12","2007-12","2008-12","2009-12","2010-12","2011-12","2012-12","2013-12","2014-12","2015-12","2016-12","2017-12","2018-12","2019-12","2020-12","2021-12","2022-12","2023-12","TTM"
"total_interest_income","638.73","654.635","574.913","565.173","614.284","769.934","986.429","1160.737","1061.645","914.569","851.082","813.146","794.871","745.371","732.239","766.828","829.117","972.751","1228.426","1531.958","1269","1179.929","1392.102","2342.464","2470.947"
"total_interest_expense","368.915","325.683","206.712","175.144","191.041","320.593","499.741","616.252","414.783","204.205","142.03","120.101","87.322","70.89400000000001","67.045","63.474","81.889","131.05","243.559","419.079","160.556","61.896","180.722","1070.284","1257.543"
"net_interest_income","269.815","328.952","368.201","390.029","423.243","449.341","486.688","544.485","646.862","710.364","709.052","693.045","707.549","674.477","665.194","703.354","747.228","841.701","984.867","1112.879","1108.444","1118.033","1211.38","1272.18","1213.404"
"total_noninterest_revenue","197.975","255.088","320.83","302.992","308.89","346.946","371.623","398.648","434.03","527.403","474.886","490.917","609.3440000000001","589.076","590.253","619.667","612.633","630.804","572.751","634.3339999999999","779.563","649.335","607.3","702.63","700.7619999999999"
"revenue","467.79","584.04","689.0309999999999","693.021","732.133","796.287","858.311","943.133","1080.892","1237.767","1183.938","1183.962","1316.893","1263.553","1255.447","1323.021","1359.861","1472.505","1557.618","1747.213","1888.007","1767.368","1818.68","1974.81","1914.166"
"credit_losses_provision","17.204","37.61","33.73","35.636","20.439","12.441","18.402","34.721","202.593","195.9","105.139","-6.05","-22","-27.9","","34","65","-7","8","44","222.592","-100","30","46","38"
"net_interest_income_after_credit_losses_provision","252.611","291.342","334.471","354.393","402.804","436.9","468.286","509.764","444.269","514.4640000000001","603.913","699.095","729.549","702.377","665.194","669.354","682.228","848.701","976.867","1068.879","885.852","1218.033","1181.38","1226.18","1175.404"
"total_noninterest_expense","302.815","365.719","426.595","410.111","441.224","469.106","512.307","574.987","662.404","684.96","707.148","737.677","793.967","807.362","811.55","856.582","954.203","959.227","981.287","1069.345","1092.551","1062.268","1126.023","1245.562","1293.265"
"pretax_income","147.771","176.649","228.706","247.274","270.47","314.74","327.602","333.425","210.589","310.721","371.651","448.335","542.864","482.029","439.63","431.643","338.658","518.278","565.485","630.8680000000001","563.864","796.1","660.157","683.248","581.736"
"income_tax","-47.631","-62.446","-80.83499999999999","-88.914","-91.447","-113.235","-114.625","-115.761","-64.90900000000001","-106.705","-123.357","-158.511","-188.74","-163.098","-144.151","-139.384","-106.377","-182.593","-119.061","-130.183","-128.793","-179.775","-139.864","-152.115","-129.405"
"net_income_continuing","100.14","114.203","147.871","158.36","179.023","201.505","212.977","217.664","145.68","204.016","248.294","289.824","354.124","318.931","295.479","292.259","232.281","335.685","446.424","500.685","435.071","616.325","520.293","531.133","452.331"
"net_income_discontinued","","","","","","","","","","","","","","","","","","","","","","","","",""
"net_income","100.14","114.439","147.871","158.36","179.023","201.505","212.977","217.664","153.232","200.578","246.754","285.875","351.191","316.609","292.435","288.565","232.668","334.644","445.646","500.758","435.03","618.121","520.273","530.746","452.081"
"preferred_dividends","1.5","1.5","1.5","1.325","1.875","0.375","","","","","","","","","","","","","","","","","","",""
"net_income_available_to_shareholders","98.64","112.939","146.371","157.035","177.148","201.13","212.977","217.664","153.232","200.578","246.754","285.875","351.191","316.609","292.435","288.565","232.668","334.644","445.646","500.758","435.03","618.121","520.273","530.746","452.081"
"eps_basic","1.84","2.12","2.58","2.67","3","3.14","3.19","3.24","2.27","2.96","3.63","4.18","5.15","4.61","4.23","4.22","3.53","5.11","6.63","7.03","6.19","8.949999999999999","7.68","8.02","6.86"
"eps_diluted","1.65","1.89","2.3","2.38","2.68","3.01","3.16","3.22","2.27","2.96","3.61","4.17","5.13","4.59","4.22","4.21","3.53","5.11","6.63","7.03","6.19","8.949999999999999","7.68","8.02","6.86"
"shares_basic","53.751","54.127","56.614","58.7","59.128","64.068","66.759","67.083","67.303","67.375","67.628","67.788","67.684","67.989","68.39400000000001","67.595","65.086","64.745","66.629","70.788","69.84099999999999","68.592","67.21299999999999","65.652","65.652"
"shares_diluted","60.82","61.516","64.354","66.509","66.732","67.047","67.31","67.551","67.461","67.488","67.83199999999999","68.039","67.965","68.206","68.545","67.69199999999999","65.14400000000001","64.806","66.66200000000001","70.803","69.84399999999999","68.59399999999999","67.21299999999999","65.652","65.652"
"cash_and_equiv","701.424","643.938","604.6799999999999","629.48","503.715","684.857","775.376","717.259","581.133","875.25","1247.946","976.191","1286.239","1087.213","2475.842","2643.599","2537.497","2317.054","1143.424","1258.821","1180.573","2837.41","1401.716","1348.265","1348.265"
"loans_gross","5517.862","6295.378","6900.983","7483.889","7928.967","9139.977999999999","10715.803","12017.247","13005.252","11497.524","10906.449","11457.868","12605.218","12992.81","14512.219","16249.593","17291.557","17374.802","21805.951","21933.258","23259.836","20397.975","22632.422","23961.903","23961.903"
"allowance_for_loan_losses","-82.655","-101.905","-116.07","-128.639","-108.618","-103.876","-109.497","-126.677","-233.236","-292.095","-292.971","-253.481","-215.507","-185.396","-189.056","-225.524","-246.159","-230.682","-207.457","-210.759","-388.64","-256.421","-235.704","-277.123","-277.123"
"loans_net","5435.207","6193.473","6784.913","7355.25","7820.349","9036.102000000001","10606.306","11890.57","12772.016","11205.429","10613.478","11204.387","12389.711","12807.414","14323.163","16024.069","17045.398","17144.12","21598.494","21722.499","22871.196","20141.554","22396.718","23684.78","23684.78"
"total_investments","3037.056","3700.989","4136.403","4714.642","4823.976","5085.333","5103.663","6098.914","7132.607","9463.732","10134.293","10695.401","12000.857","10916.656","9820.004999999999","9762.973","9560.602000000001","9246.047","11169.23","13186.982","18003.483","22505.074","18471.708","19724.339","19724.339"
"ppe_net","132.066","141.425","151.715","175.901","172.643","179.627","188.041","258.786","277.458","280.26","265.465","262.735","265.92","277.849","273.833","306.49","325.849","317.335","330.033","535.519","551.308","574.148","565.175","622.223","622.223"
"intangible_assets","109.045","152.076","197.868","299.236","288.272","317.119","324.006","438.362","403.961","92.46299999999999","129.527","97.003","129.003","177.896","206.352","262.515","294.003","281.525","394.106","327.158","214.609","254.975","353.738","353.862","353.862"
"goodwill","","","","","","","","","","335.6","335.6","335.6","361.98","359.76","377.78","385.46","448.9","447.43","1049.26","1048.09","1048.09","1044.75","1044.75","1044.75","1044.75"
"other_lt_assets","333.536","309.701","375.435","407.234","786.4589999999999","1024.031","1062.232","1263.81","1567.473","1264.097","1215.294","1922.629","1714.921","1388.644","1612.723","2091.022","2560.032","2518.649","2335.957","4092.952","2801.829","2891.52","3556.837","3046.611","3046.611"
"total_assets","9748.334000000001","11141.602","12251.014","13581.743","14395.414","16327.069","18059.624","20667.701","22734.648","23516.831","23941.603","25493.946","28148.631","27015.432","29089.698","31476.128","32772.281","32272.16","38020.504","42172.021","46671.088","50249.431","47790.642","49824.83","49824.83"
"deposits_liability","6046.005","6905.744","8128.525","9219.862999999999","9674.397999999999","11375.318","12386.705","13459.291","14982.607","15518.228","17179.061","18762.58","21179.06","20269.327","21140.859","21088.158","22748.095","22061.305","25263.763","27621.168","36143.88","41242.059","34480.705","34019.701","34019.701"
"st_debt","882.204","1220.948","1088.022","1016.65","726.476","","","","","","","","","","","","","","","","1635.963","","","",""
"lt_debt","148.816","186.302","155.419","154.332","440.118","1350.262","891.5309999999999","1425.837","1920.461","2531.896","1232.279","473.366","999.408","1370.042","2481.757","5064.229","4990.712","5259.627","6384.751","4787.561","503.512","160.559","4857.505","7821.042","7821.042"
"other_lt_liabilities","1967.733","2000.125","1779.522","1962.268","2155.928","2062.335","3060.366","3847.189","3971.468","3241.333","2986.385","3471.348","2976.482","2321.09","2130.876","2056.102","1727.117","1432.894","1928.945","4899.373","3096.172","3478.442","3765.074","2838.668","2838.668"
"total_liabilities","9044.758","10313.119","11151.488","12353.113","12996.92","14787.915","16338.602","18732.317","20874.536","21291.457","21397.725","22707.294","25154.95","23960.459","25753.492","28208.489","29465.924","28753.826","33577.459","37308.102","41379.527","44881.06","43103.284","44679.411","44679.411"
"common_stock","","","","","","","","","","","","","","","","","","","","","","","","",""
"preferred_stock","0.025","0.025","0.025","0.012","0.012","","","","","","","","","","","","","","","","","","","",""
"retained_earnings","431.39","511.301","598.777","698.052","809.261","990.422","1166.994","1332.954","1427.057","1563.683","1743.88","1953.332","2137.541","2349.428","2530.837","2704.121","2823.334","3048.487","3369.654","3729.778","3973.675","4447.691","4824.164","5211.512","5211.512"
"aoci","3.32","5.792","43.088","8.459","-11.625","-67.81100000000001","-73.444","-31.234","-222.886","-10.74","107.839","128.979","149.92","-25.623","56.673","21.587","-10.967","-36.174","-72.58499999999999","104.923","335.868","72.371","-836.955","-599.1","-599.1"
"apic","278.882","323.86","475.054","546.5940000000001","631.747","656.579","688.861","722.088","743.4109999999999","758.723","782.8049999999999","818.817","859.278","898.586","954.644","982.009","1006.535","1035.895","1334.03","1350.995","1368.062","1378.794","1390.395","1406.745","1406.745"
"treasury_stock","-10.044","-12.498","-17.421","-24.491","-30.905","-40.04","-61.393","-88.428","-101.329","-105.857","-112.802","-150.664","-188.883","-202.346","-239.979","-477.165","-544.052","-552.845","-198.995","-329.906","-411.344","-535.129","-694.96","-876.72","-876.72"
"other_equity","0.0030000000000427","0.0030000000000427","0.0030000000001564","0.0040000000001328","0.0039999999999054","0.0039999999999054","0.0039999999999054","0.0039999999999054","13.859","19.565","22.156","36.188","35.824999999999","34.928","34.030999999999","37.087","31.507000000001","22.971","10.941","8.1289999999999","25.299999999999","4.6440000000002","4.714000000000899","2.9820000000009","2.9820000000009"
"total_equity","703.576","828.4829999999999","1099.526","1228.63","1398.494","1539.154","1721.022","1935.384","1860.112","2225.374","2543.878","2786.652","2993.681","3054.973","3336.206","3267.639","3306.357","3518.334","4443.045","4863.919","5291.561","5368.371","4687.358","5145.419","5145.419"
"total_liabilities_and_equity","9748.334000000001","11141.602","12251.014","13581.743","14395.414","16327.069","18059.624","20667.701","22734.648","23516.831","23941.603","25493.946","28148.631","27015.432","29089.698","31476.128","32772.281","32272.16","38020.504","42172.021","46671.088","50249.431","47790.642","49824.83","49824.83"
"cfo_net_income","100.14","114.439","147.871","158.36","179.023","201.505","212.977","217.664","145.68","204.016","248.294","289.824","354.124","318.931","295.479","292.259","232.281","335.685","446.424","500.685","435.071","616.325","520.293","531.133","452.331"
"cfo_da","49.469","63.55","71.608","73.39","44.182","43.701","40.629","43.524","51.282","87.771","58.987","49.967","54.935","53.261","36.707","37.918","47.016","54.466","60.843","95.416","99.01300000000001","102.468","107.563","109.893","109.4"
"cfo_receivables","","","","","","","","-30.719","41.57","-12.149","-40.118","24.236","9.244","-3.122","-7.103","-6.943","-603.861","321.88","-38.346","-740.8680000000001","945.087","39.183","-34.301","-316.819","-42.86"
"cfo_inventory","","","","","","","","","","","","","","","","","","","","","","","","",""
"cfo_prepaid_expenses","","","","","","","","","","","","","","","","","","","","","","","","",""
"cfo_other_working_capital","31.451","43.98","5.028","-36.657","5.683","-44.865","-116.873","1.885","-326.222","-93.16500000000001","-61.098","-228.568","245.749","308.14","-289.209","-65.57299999999999","133.212","-609.335","-1140.127","-371.589","-2093.297","-4357.621","4483.802","-443.143","-2786.588"
"cfo_change_in_working_capital","31.451","43.98","5.028","-36.657","5.683","-44.865","-116.873","-28.834","-284.652","-105.314","-101.216","-204.332","254.993","305.018","-296.312","-72.51600000000001","-470.649","-287.455","-1178.473","-1112.457","-1148.21","-4318.438","4449.501","-759.962","-2829.448"
"cfo_deferred_tax","","","","","","","","","","","","-0.659","","","","","","","","","","","","",""
"cfo_stock_comp","","","","","","","","8.48","4.8","5.86","8.16","9.4","8.029999999999999","7.07","9.68","12.08","10.47","23.6","4.23","15.54","16.39","9.76","11.56","16.35","14.2"
"cfo_other_noncash_items","39.753","59.497","59.681","87.268","24.624","6.607","8.936999999999999","-3.057","164.955","88.68300000000001","150.953","183.588","-80.532","52.04","-82.184","26.194","88.93300000000001","88.63500000000001","114.97","27.137","181.48","-102.692","33.353","168.769","34.14"
"cf_cfo","220.813","281.466","284.188","282.361","253.512","206.948","145.67","237.777","82.065","281.016","365.178","327.788","591.55","736.3200000000001","-36.63","295.935","-91.949","214.931","-552.006","-473.679","-416.256","-3692.577","5122.27","66.18300000000001","-2219.377"
"cfi_ppe_net","-98.822","-75.655","-46.729","-62.926","34.916","39.328","27.211","48.341","","","-31.321","","","","","","","","","","","","","",""
"cfi_acquisitions_net","","","","","","","","-47.476","","","","","-23.615","-7.5","-21.898","-18.098","56.017","","-175.755","","","","","32.601",""
"cfi_investment_net","-125.844","-431.842","-265.89","-635.8819999999999","-144.811","-350.073","120.514","-915.829","-981.395","-2122.025","-265.227","-1091.672","-1207.907","675.0119999999999","1026.005","-266.591","247.456","863.3339999999999","-80.87","-2098.775","-1569.888","-289.279","-1893.514","-138.197","-381.365"
"cfi_intangibles_net","","","","","","","","","","","-31.321","","","","","","","","","","","","","",""
"cfi_other","-905.033","-680.514","-494.465","-718.3680000000001","-560.288","-1278.243","-1948.956","-1124.596","-1026.313","1771.263","370.53","-472.472","-1136.825","-230.483","-1438.127","-1716.615","-589.48","-123.778","-1551.006","-224.962","-888.947","2891.951","-2709.772","-1685.668","-1693.551"
"cf_cfi","-1129.699","-1188.011","-807.0839999999999","-1417.176","-670.183","-1588.988","-1801.231","-2039.56","-2007.708","-350.762","42.661","-1564.144","-2368.347","437.029","-434.02","-2001.304","-286.007","739.556","-1807.631","-2323.737","-2458.835","2602.672","-4603.286","-1791.264","-2074.916"
"cff_common_stock_net","-1.634","2.745","4.172","4.627","7.132","4.593","0.544","-3.606","-0.249","5.198","8.552","-11.905","-5.908","16.566","-3.393","-216.118","-54.337","-3.035","-53.553","-129.49","-80.76300000000001","-122.812","-159.794","-181.76","-188.128"
"cff_pfd_net","","","","","","","","","","","","","","","","","","","","","","","","",""
"cff_debt_net","451.574","76.66","-205.839","-29.39","-120.943","34.858","649.029","1399.711","294.758","-478.112","-1487.742","-949.051","156.902","-111.905","511.776","2425.878","-688.4109999999999","-10.909","1295.484","1110.97","-5091.026","-1419.241","4609.824","1802.549","1640.149"
"cff_dividend_paid","-0.001","-0.02","-0.03","-0.785","-1.54","-20.344","-36.788","-50.416","-59.191","-63.952","-66.557","-76.423","-166.982","-104.722","-111.026","-115.281","-113.455","-116.041","-127.188","-143.496","-144.437","-144.105","-143.8","-143.398","-142.611"
"cff_other","782.821","723.769","701.47","1180.06","419.201","1531.164","1140.78","549.181","1494.854","832.886","1486.096","1990.696","2092.659","-1172.314","1461.922","-221.353","1128.057","-1044.945","71.264","2074.829","8113.069","4432.9","-6260.908","194.239","2776.646"
"cf_cff","1232.76","803.154","499.773","1154.512","303.85","1550.271","1753.565","1894.87","1730.172","296.02","-59.651","953.317","2076.671","-1372.375","1859.279","1873.126","271.854","-1174.93","1186.007","2912.813","2796.843","2746.742","-1954.678","1671.63","4086.056"
"ebitda","197.24","240.199","300.314","320.664","314.652","358.441","368.231","376.949","261.871","398.492","430.638","498.302","597.799","535.29","476.337","469.561","385.674","572.744","626.328","726.284","662.877","898.568","767.72","793.141","691.136"
"earning_assets","9256.342000000001","10640.305","11642.066","12828.011","13256.658","14910.168","16594.842","18833.42","20718.992","21836.506","22288.688","23129.46","25892.314","24996.679","26808.066","28656.165","29389.656","28937.903","34118.605","36379.061","42443.892","45740.459","42505.846","45034.507","45683.626"
"book_value","703.551","828.458","1099.501","1228.618","1398.482","1539.154","1721.022","1935.384","1860.112","2225.374","2543.878","2786.652","2993.681","3054.973","3336.206","3267.639","3306.357","3518.334","4443.045","4863.919","5291.561","5368.371","4687.358","5145.419","5131.635"
"tangible_book_value","594.506","676.3819999999999","901.633","929.3819999999999","1110.21","1222.035","1397.016","1497.022","1456.151","1797.311","2078.751","2354.049","2502.698","2517.317","2752.074","2619.664","2563.454","2789.379","2999.679","3488.671","4028.862","4068.646","3288.87","3746.807","3710.662"
"roa","0.01","0.01","0.01","0.01","0.01","0.01","0.01","0.01","0.01","0.01","0.01","0.01","0.01","0.01","0.01","0.01","0.01","0.01","0.01","0.01","0.01","0.01","0.01","0.01","0.01"
"roe","0.16","0.15","0.15","0.14","0.14","0.14","0.13","0.12","0.08","0.1","0.1","0.11","0.12","0.1","0.09","0.09","0.07000000000000001","0.1","0.11","0.11","0.09","0.12","0.1","0.11","0.09"
"ebitda_margin","0.42","0.41","0.44","0.46","0.43","0.45","0.43","0.4","0.24","0.32","0.36","0.42","0.45","0.42","0.38","0.35","0.28","0.39","0.4","0.42","0.35","0.51","0.42","0.4","0.36"
"pretax_margin","0.32","0.3","0.33","0.36","0.37","0.4","0.38","0.35","0.19","0.25","0.31","0.38","0.41","0.38","0.35","0.33","0.25","0.35","0.36","0.36","0.3","0.45","0.36","0.35","0.3"
"net_income_margin","0.21","0.2","0.21","0.23","0.24","0.25","0.25","0.23","0.14","0.16","0.21","0.24","0.27","0.25","0.23","0.22","0.17","0.23","0.29","0.29","0.23","0.35","0.29","0.27","0.24"
"net_interest_margin","0.03","0.03","0.03","0.03","0.03","0.03","0.03","0.03","0.03","0.03","0.03","0.03","0.03","0.03","0.03","0.03","0.03","0.03","0.03","0.03","0.03","0.03","0.03","0.03","0.03"
"assets_to_equity","13.86","13.45","11.14","11.05","10.29","10.61","10.49","10.68","12.22","10.57","9.41","9.15","9.4","8.84","8.720000000000001","9.630000000000001","9.91","9.17","8.56","8.67","8.82","9.359999999999999","10.2","9.68","9.77"
"equity_to_assets","0.07000000000000001","0.07000000000000001","0.09","0.09","0.1","0.09","0.1","0.09","0.08","0.09","0.11","0.11","0.11","0.11","0.11","0.1","0.1","0.11","0.12","0.12","0.11","0.11","0.1","0.1","0.1"
"earning_assets_to_equity","13.16","12.84","10.59","10.44","9.48","9.69","9.640000000000001","9.73","11.14","9.81","8.76","8.300000000000001","8.65","8.18","8.039999999999999","8.77","8.890000000000001","8.220000000000001","7.68","7.48","8.02","8.52","9.07","8.75","8.9"
"loans_to_deposits","0.91","0.91","0.85","0.8100000000000001","0.82","0.8","0.87","0.89","0.87","0.74","0.63","0.61","0.6","0.64","0.6899999999999999","0.77","0.76","0.79","0.86","0.79","0.64","0.49","0.66","0.7","0.6899999999999999"
"loan_loss_reserve_to_loans","0.01","0.02","0.02","0.02","0.01","0.01","0.01","0.01","0.02","0.03","0.03","0.02","0.02","0.01","0.01","0.01","0.01","0.01","0.01","0.01","0.02","0.01","0.01","0.01","0.01"
"revenue_per_share","7.69","9.49","10.71","10.42","10.97","11.88","12.75","13.96","16.02","18.34","17.45","17.4","19.38","18.53","18.32","19.54","20.87","22.72","23.37","24.68","27.03","25.77","27.06","30.08","29.37"
"ebitda_per_share","3.24","3.9","4.67","4.82","4.72","5.35","5.47","5.58","3.88","5.9","6.35","7.32","8.800000000000001","7.85","6.95","6.94","5.92","8.84","9.4","10.26","9.49","13.1","11.42","12.08","10.59"
"pretax_income_per_share","2.43","2.87","3.55","3.72","4.05","4.69","4.87","4.94","3.12","4.6","5.48","6.59","7.99","7.07","6.41","6.38","5.2","8","8.48","8.91","8.07","11.61","9.82","10.41","8.91"
"book_value_per_share","11.57","13.47","17.09","18.47","20.96","22.96","25.57","28.65","27.57","32.97","37.5","40.96","44.05","44.79","48.67","48.27","50.75","54.29","66.65000000000001","68.7","75.76000000000001","78.26000000000001","69.73999999999999","78.37","79.81999999999999"
"tangible_book_per_share","9.77","11","14.01","13.97","16.64","18.23","20.75","22.16","21.59","26.63","30.65","34.6","36.82","36.91","40.15","38.7","39.35","43.04","45","49.27","57.68","59.31","48.93","57.07","57.72"
"payout_ratio","","","","","","0.1","0.17","0.23","0.39","0.32","0.27","0.27","0.29","0.34","0.38","0.4","0.49","0.35","0.29","0.29","0.33","0.23","0.28","0.27","0.32"
"net_interest_income_growth","0.14","0.22","0.12","0.06","0.09","0.06","0.08","0.12","0.19","0.1","","-0.02","0.02","-0.05","-0.01","0.06","0.06","0.13","0.17","0.13","","0.01","0.08","0.05",""
"revenue_growth","0.1","0.25","0.18","0.01","0.06","0.09","0.08","0.1","0.15","0.15","-0.04","","0.11","-0.04","-0.01","0.05","0.03","0.08","0.06","0.12","0.08","-0.06","0.03","0.09",""
"ebitda_growth","0.12","0.22","0.25","0.07000000000000001","-0.02","0.14","0.03","0.02","-0.31","0.52","0.08","0.16","0.2","-0.1","-0.11","-0.01","-0.18","0.49","0.09","0.16","-0.09","0.36","-0.15","0.03",""
"pretax_income_growth","0.11","0.2","0.29","0.08","0.09","0.16","0.04","0.02","-0.37","0.48","0.2","0.21","0.21","-0.11","-0.09","-0.02","-0.22","0.53","0.09","0.12","-0.11","0.41","-0.17","0.03",""
"net_income_growth","0.12","0.14","0.29","0.07000000000000001","0.13","0.13","0.06","0.02","-0.3","0.31","0.23","0.16","0.23","-0.1","-0.08","-0.01","-0.19","0.44","0.33","0.12","-0.13","0.42","-0.16","0.02",""
"eps_diluted_growth","0.13","0.15","0.22","0.03","0.13","0.12","0.05","0.02","-0.3","0.3","0.22","0.16","0.23","-0.11","-0.08","","-0.16","0.45","0.3","0.06","-0.12","0.45","-0.14","0.04",""
"shares_diluted_growth","","0.01","0.05","0.03","","","","","","","0.01","","","","","-0.01","-0.04","-0.01","0.03","0.06","-0.01","-0.02","-0.02","-0.02",""
"cash_and_equiv_growth","0.76","-0.08","-0.06","0.04","-0.2","0.36","0.13","-0.07000000000000001","-0.19","0.51","0.43","-0.22","0.32","-0.15","1.28","0.07000000000000001","-0.04","-0.09","-0.51","0.1","-0.06","1.4","-0.51","-0.04",""
"loans_gross_growth","0.19","0.14","0.1","0.08","0.06","0.15","0.17","0.12","0.08","-0.12","-0.05","0.05","0.1","0.03","0.12","0.12","0.06","","0.26","0.01","0.06","-0.12","0.11","0.06",""
"loans_net_growth","0.19","0.14","0.1","0.08","0.06","0.16","0.17","0.12","0.07000000000000001","-0.12","-0.05","0.06","0.11","0.03","0.12","0.12","0.06","0.01","0.26","0.01","0.05","-0.12","0.11","0.06",""
"total_assets_growth","0.16","0.14","0.1","0.11","0.06","0.13","0.11","0.14","0.1","0.03","0.02","0.06","0.1","-0.04","0.08","0.08","0.04","-0.02","0.18","0.11","0.11","0.08","-0.05","0.04",""
"deposits_growth","0.15","0.14","0.18","0.13","0.05","0.18","0.09","0.09","0.11","0.04","0.11","0.09","0.13","-0.04","0.04","","0.08","-0.03","0.15","0.09","0.31","0.14","-0.16","-0.01",""
"total_equity_growth","0.26","0.18","0.33","0.12","0.14","0.1","0.12","0.12","-0.04","0.2","0.14","0.1","0.07000000000000001","0.02","0.09","-0.02","0.01","0.06","0.26","0.09","0.09","0.01","-0.13","0.1",""
"earning_assets_growth","0.18","0.15","0.09","0.1","0.03","0.12","0.11","0.13","0.1","0.05","0.02","0.04","0.12","-0.03","0.07000000000000001","0.07000000000000001","0.03","-0.02","0.18","0.07000000000000001","0.17","0.08","-0.07000000000000001","0.06",""
"shares_eop","55.396","55.943","58.42","58.923","59.422","67.905","67.068","67.387","67.483","70.312","70.816","68.15300000000001","68.327","73.163","69.114","65.89400000000001","65.337","65.395","72.123","70.58","69.63800000000001","68.468","66.959","64.967","64.52"
"dividends","","","","","","0.3","0.55","0.75","0.88","0.95","0.99","1.13","1.47","1.54","1.62","1.69","1.73","1.77","1.9","2.01","2.05","2.09","2.13","2.17","2.18"
"price_to_earnings","10.44","14.1","12.06","14.09","16.18","15.31","17.31","16.01","17.79","16.66","15.33","13.1","10.6","15.33","14.19","13.65","23.32","18.04","11.87","12.32","10.96","11.68","13.36","10.48","13.13"
"price_to_book","1.49","1.95","1.62","1.82","2.07","2","2.14","1.8","1.47","1.5","1.49","1.34","1.24","1.59","1.24","1.21","1.64","1.72","1.19","1.27","0.9","1.35","1.48","1.08","1.16"
"price_to_sales","2.24","2.76","2.59","3.22","3.96","3.87","4.3","3.69","2.52","2.7","3.19","3.16","2.83","3.84","3.31","2.98","3.99","4.1","3.4","3.53","2.53","4.09","3.82","2.82","3.1"
"price_to_tangible_book","1.76","2.39","1.98","2.4","2.61","2.52","2.64","2.33","1.87","1.86","1.82","1.59","1.49","1.93","1.51","1.5","2.12","2.16","1.76","1.77","1.18","1.78","2.11","1.49","1.6"
"market_cap","1045.87648","1613.39612","1783.5626","2230.82478","2897.41672","3084.92415","3687.39864","3483.9079","2726.3132","3341.22624","3781.5744","3743.64429","3721.08842","4852.17016","4149.60456","3939.80226","5425.58448","6037.2664","5288.77959","6168.692","4768.81024","7222.68932","6949.67461","5564.42355","5935.38"
"period_end_price","18.88","28.84","30.53","37.86","48.76","45.43","54.98","51.7","40.4","47.52","53.4","54.93","54.46","66.31999999999999","60.04","59.79","83.04000000000001","92.31999999999999","73.33","87.40000000000001","68.48","105.49","103.79","85.65000000000001","85.65000000000001"
