"Company: ","First American Corporation (FAF:US)","","","","","","","","","","","","","","","","",""
"Exchange: ","NYSE","","","","","","","","","","","","","","","","",""
"Last Close Price: ","53.58","","","","","","","","","","","","","","","","",""
"Industry: ","Insurance","","","","","","","","","","","","","","","","",""
"Currency: ","USD","","","","","","","","","","","","","","","","",""
"Country: ","US","","","","","","","","","","","","","","","","",""
"Market Cap.: ","5652","","","","","","","","","","","","","","","","",""
"Enterprise Value: ","5700","","","","","","","","","","","","","","","","",""
"period_end_date","2007-12","2008-12","2009-12","2010-12","2011-12","2012-12","2013-12","2014-12","2015-12","2016-12","2017-12","2018-12","2019-12","2020-12","2021-12","2022-12","2023-12","TTM"
"premiums_earned","5884.502","4284.8","3305.015","3181.202","3126.12","3751.645","4194.235","3919.644","4408.312","4702.669","4822.513","4792.575","5032","5747","7355.5","6632.4","4701.4","4673.5"
"net_investment_income","269.488","173.748","120.249","86.239","67.703","77.467","89.895","71.041","100.553","126.134","158.617","227.572","313","215","207.9","329.1","564.6","13"
"fees_and_other_income","-77.858","-90.82299999999999","621.5700000000001","639.171","626.751","712.7089999999999","671.947","687.264","666.591","747.043","787.448","724.98","854","1118","1650.5","632.7","732.1","1290.1"
"revenue","6076.132","4367.725","4046.834","3906.612","3820.574","4541.821","4956.077","4677.949","5175.456","5575.846","5768.578","5745.127","6199","7080","9213.9","7594.2","5998.1","5976.6"
"sga","3934.425","2762.627","2447.421","1206.683","1178.368","1334.866","1488.997","1435.628","1594.935","1655.164","1723.539","1748.949","1806","1941","2350.3","2339.6","1989.1","1986.4"
"net_policyholder_claims_expense","875.855","509.563","346.714","1543.148","1615.418","1767.91","2167.917","1922.089","2147.814","2290.172","2313.766","2252.469","2320","2764","3575.3","3316","2288.5","2254.5"
"policy_acquisition_expense","","","","","","","","","","","","","","","","","",""
"interest_expense_insurance","42.607","27.215","19.819","14.881","12.065","9.066000000000001","15.301","19.247","29.108","32.214","35.987","40.978","48","57","72.40000000000001","93","132.5","137.7"
"operating_income","-208.833","-115.915","204.345","212.106","130.293","467.406","310.708","350.56","432.765","477.581","445.331","609.538","905","923","1641.3","325.7","274.4","273.1"
"pretax_income","-208.833","-115.915","204.345","212.106","130.293","467.406","310.708","350.56","432.765","477.581","445.331","609.538","905","923","1641.3","325.7","274.4","273.1"
"income_tax","86.387","43.433","-70.068","-83.15000000000001","-51.714","-165.678","-123.644","-116.345","-143.895","-134.105","-23.468","-133.64","-195","-223","-392.2","-60.4","-58.9","-56.9"
"net_income_continuing","-122.446","-72.482","134.277","128.956","78.57899999999999","301.728","187.064","234.215","288.87","343.476","421.863","475.898","710","700","1249.1","265.3","215.5","216.2"
"net_income_discontinued","","","","","","","","","","","","","","","","","",""
"income_allocated_to_minority_interest","-20.537","-11.523","-11.888","-1.127","-0.303","-0.6870000000000001","-0.697","-0.681","-0.784","-0.483","1.186","-1.402","-3","-4","-8","-2.3","1.3","1.4"
"net_income","-142.983","-84.005","122.389","127.829","78.276","301.041","186.367","233.534","288.086","342.993","423.049","474.496","707","696","1241.1","263","216.8","217.6"
"preferred_dividends","","","","","","","","","","","","","","","","","",""
"net_income_available_to_shareholders","-142.983","-84.005","122.389","127.829","78.276","301.041","186.367","233.534","288.086","342.993","423.049","474.496","707","696","1241.1","263","216.8","217.6"
"eps_basic","-1.38","-0.8100000000000001","1.18","1.22","0.74","2.83","1.74","2.18","2.65","3.1","3.79","4.21","6.26","6.18","11.18","2.46","2.08","2.09"
"eps_diluted","-1.38","-0.8100000000000001","1.18","1.2","0.73","2.77","1.71","2.15","2.62","3.09","3.76","4.19","6.22","6.16","11.14","2.45","2.07","2.09"
"shares_basic","104.006","104.006","104.006","104.134","105.197","106.307","106.991","106.884","108.427","110.548","111.668","112.613","113.1","112.7","111","107","104.3","104.3"
"shares_diluted","104.006","104.006","104.006","106.177","106.914","108.542","109.102","108.688","109.826","111.156","112.435","113.279","113.7","113","111.4","107.3","104.6","104.6"
"cash_and_equiv","906.3869999999999","723.651","631.297","728.746","474.5","698.404","858.329","1211.525","1050.545","1027.36","1428.561","1503.338","1530.381","1321","1286","1286.9","3661.1","3661.1"
"total_investments","1531.8","1916.345","2051.636","2551.926","2525.102","2957.153","3251.615","3852.664","4600.632","4957.448","5219.2","6067.346","6305.954","7105","10538","9346.5","8529.6","8529.6"
"receivables","338.744","298.595","266.431","256.805","240.151","273.872","274.527","282.157","257.798","367.769","349.757","413.004","622.811","1134","1017","389.1","585.1","585.1"
"deferred_policy_acquisition_cost","","","","","","","","","","","","","","","","","",""
"ppe_net","438.971","397.25","358.571","345.871","337.578","343.45","361.348","395.287","409.973","434.05","439.569","457.84","733.399","711","755","884.9","978.9","978.9"
"intangible_assets","100.113","87.69199999999999","78.88800000000001","70.051","573.992","578.833","570.222","586.396","584.217","643.204","668.36","686.835","671.505","779","805","833.6","806.2","806.2"
"other_lt_assets","1211.206","1491.024","1342.468","1056.397","392.467","353.275","397.112","378.121","369.21","384.526","354.765","358.102","504.207","367","462","416.1","434.4","434.4"
"total_assets","5354.531","5720.757","5530.281","5821.826","5362.21","6050.847","6559.183","7666.1","8236.715","8831.777","9573.222","10630.635","11519.167","12796","16451","14955.3","16802.8","16802.8"
"unearned_premiums","","","","","","","","","","","","","","","","","",""
"future_policy_benefits","","","","","1014.676","976.462","1018.365","1011.78","983.88","1025.863","1028.933","1042.679","1063.044","1178","1284","1325.3","1282.4","1282.4"
"other_current_liabilities","2107.976","1363.349","1271.972","1297.477","331.302","390.741","406.819","382.57","423.79","403.919","396.676","401.412","406.441","581","792","543.7","496.2","496.2"
"st_debt","","","","","","160","","","","160","160","236.313","438.412","516","538","920.3","853.3","853.3"
"current_deferred_tax_liability","","","","","","","","","","","","","","","","","",""
"lt_debt","306.582","293.969","259.313","293.817","299.975","69.76000000000001","310.285","587.337","581.052","576.693","572.8099999999999","572.019","891.008","1307","1922","1361.1","1340.5","1340.5"
"other_lt_liabilities","899.515","2089.174","1966.145","2236.811","1681.318","2102.115","2367.471","3108.369","3494.87","3650.953","3931.778","4632.824","4295.26","4292","6132","6123.7","7967.6","7967.6"
"total_liabilities","3314.073","3746.492","3497.43","3828.105","3327.271","3699.078","4102.94","5090.056","5483.592","5817.428","6090.197","6885.247","7094.165","7874","10668","10274.1","11940","11940"
"common_stock","","2153","","","","","","","","","","","","","","","",""
"preferred_stock","","","","","","","","","","","","","","","","","",""
"retained_earnings","","","","72.074","124.816","387.015","520.764","662.3099999999999","838.149","1046.822","1311.112","1644.165","2161.049","2655","3680","3714.3","3710.6","3710.6"
"aoci","-95.297","-261.455","-147.491","-149.156","-177.459","-150.556","-145.544","-199.106","-239.003","-230.4","-67.509","-160.575","-41.492","40","-92","-868.9","-655.8","-655.8"
"apic","","","","2057.098","2081.242","2111.605","2077.828","2109.712","2150.813","2191.756","2236.351","2258.29","2300.926","2215","2179","1812.4","1793.3","1793.3"
"treasury_stock","","","","","","","","","","","","","","","","","",""
"other_equity","2026.071","0.29600000000005","2167.291","0.0010000000002037","0.0009999999999763499","0.0009999999997489801","0.0010000000002037","0.0009999999997489801","0.0010000000002037","0.0010000000002037","0.0009999999997489801","0.0009999999997489801","0.0010000000002037","","","","",""
"total_equity","2040.458","1974.265","2032.851","1993.721","2034.939","2351.769","2456.243","2576.044","2753.123","3014.349","3483.025","3745.388","4425.002","4922","5783","4681.2","4862.8","4862.8"
"total_liabilities_and_equity","5354.531","5720.757","5530.281","5821.826","5362.21","6050.847","6559.183","7666.1","8236.715","8831.777","9573.222","10630.635","11519.167","12796","16451","14955.3","16802.8","16802.8"
"cfo_net_income","-122.446","-72.482","134.277","128.956","78.57899999999999","301.728","187.064","234.215","288.87","343.476","421.863","475.898","710","700","1249.1","265.3","215.5","216.2"
"cfo_da","94.816","95.242","82.47499999999999","80.642","76.889","74.95","74.916","85.59699999999999","85.596","99.047","128.053","125.927","129","149","158.4","167.5","188.5","193.1"
"cfo_receivables","8.494","4.821","12.355","4.73","5.367","-29.398","23.645","-9.949999999999999","-7.477","-10.017","12.426","5.264","-27","-53","-48.2","82.7","-159.1","-11.6"
"cfo_inventory","","","","","","","","","","","","","","","","","",""
"cfo_prepaid_expenses","","","","","","","","","","","","","","","","","",""
"cfo_other_working_capital","-996.869","-533.7190000000001","-375.052","52.986","19.285","163.309","28.009","41.202","94.741","9.795999999999999","35.102","60.123","72","178","120.9","-423.8","-112.8","-45.4"
"cfo_change_in_working_capital","-988.375","-528.898","-362.697","57.716","24.652","133.911","51.654","31.252","87.264","-0.221","47.528","65.387","45","125","72.7","-341.1","-271.9","-57"
"cfo_deferred_tax","","","","","","","","","","","","","","","","","",""
"cfo_stock_comp","10.82","8.289999999999999","14.56","15.16","14.98","14.84","22.3","19.3","24.34","34.13","37.4","41.15","42","52","53.6","67.3","49.1","49.5"
"cfo_other_noncash_items","944.549","603.027","364.972","-125.467","-58.426","-95.754","42.538","-9.727","65.253","12.984","-2.7099999999999","84.803","-13","59","-313.9","618.6","173.1","114.1"
"cf_cfo","-60.636","105.179","233.587","157.007","136.674","429.675","378.472","360.637","551.323","489.416","632.134","793.165","913","1085","1219.9","777.6","354.3","515.9"
"cfi_ppe_net","-90.902","-72.629","-30.286","8.832000000000001","9.345000000000001","7.767","5.807","12.058","17.099","9.220000000000001","9.977","2.63","1","14","17.8","6.8","0.1","-252"
"cfi_acquisitions_net","-69.431","-38.993","-50.433","-12.035","-2.706","-32.476","-5.837","-163.32","-26.682","-106.719","-83.143","-80.381","-120.674","-381.09","-187","-278","","-14.2"
"cfi_investment_net","-137.724","-650.985","-67.715","-222.192","-7.8399999999999","-343.423","-416.328","-658.629","-836.748","-381.096","-161.477","-1021.515","-108","-462","-3241.8","21.8","1090.1","470.1"
"cfi_intangibles_net","","","","","","","","","","","","","","","","","",""
"cfi_other","-71.45399999999999","-42.903","103.769","-49.94","-12.452","-49.531","-48.798","-26.801","-128.089","-131.553","-152.525","-121.358","-224.326","-585.91","17.9","-143.6","-490.7","-262.7"
"cf_cfi","-369.511","-805.51","-44.665","-275.335","-13.653","-417.663","-465.156","-836.692","-974.42","-610.148","-387.168","-1220.624","-452","-1415","-3393.1","-393","599.5","-58.8"
"cff_common_stock_net","","","","2.43","-2.502","","-64.60599999999999","","","-0.454","","-18.801","-2","-139","-99.2","-440.7","-72.7","-45.8"
"cff_pfd_net","","","","","","","","","","","","","","","","","",""
"cff_debt_net","-88.22","-15.239","-44.69","32.019","1.068","-70.479","80.93899999999999","269.367","-5.244","154.829","-5.543","1.256","196","515","644.6","-169.6","-69.2","180.9"
"cff_dividend_paid","-68.771","-21.344","-83","-12.502","-25.216","-44.705","-51.324","-89.93899999999999","-108.524","-131.541","-159.284","-178.487","-188","-199","-213","-217.5","-216.6","-217.7"
"cff_other","-57.284","554.178","-153.586","195.294","-391.514","328.903","287.783","657.6319999999999","380.128","83.953","292.851","710.7670000000001","-451","-64","1793.7","451.4","1781.6","-850.2"
"cf_cff","-214.275","517.595","-281.276","217.241","-418.164","213.719","252.792","837.0599999999999","266.36","106.787","128.024","514.735","-445","113","2126.1","-376.4","1423.1","-932.8"
"ebitda","-114.017","-20.673","286.82","292.748","207.182","542.356","385.624","436.157","518.361","576.628","573.384","735.465","1034","1072","1799.7","493.2","462.9","466.2"
"policy_revenue","5806.644","4193.977","3926.585","3820.373","3752.871","4464.354","4866.182","4606.908","5074.903","5449.712","5609.961","5517.555","5886","6865","9006","7265.1","5433.5","5963.6"
"underwriting_profit","4930.789","3684.414","3579.871","2277.225","2137.453","2696.444","2698.265","2684.819","2927.089","3159.54","3296.195","3265.086","3566","4101","5430.7","3949.1","3145","3709.1"
"book_value","2040.458","1974.265","2032.851","1993.721","2034.939","2351.769","2456.243","2576.044","2753.123","3014.349","3483.025","3745.388","4425.002","4922","5783","4681.2","4862.8","4805.9"
"tangible_book_value","1940.345","1886.573","1953.963","1923.67","1460.947","1772.936","1886.021","1989.648","2168.906","2371.145","2814.665","3058.553","3753.497","4143","4978","3847.6","4056.6","4002.1"
"roa","","-0.02","0.02","0.02","0.01","0.05","0.03","0.03","0.04","0.04","0.05","0.05","0.06","0.06","0.08","0.02","0.01","0.01"
"roe","","-0.04","0.06","0.06","0.04","0.14","0.08","0.09","0.11","0.12","0.13","0.13","0.17","0.15","0.23","0.05","0.05","0.05"
"roi","","0.1","0.06","0.04","0.03","0.03","0.03","0.02","0.02","0.03","0.03","0.04","0.05","0.03","0.02","0.03","0.06",""
"ebitda_margin","-0.02","","0.07000000000000001","0.07000000000000001","0.05","0.12","0.08","0.09","0.1","0.1","0.1","0.13","0.17","0.15","0.2","0.06","0.08","0.08"
"operating_margin","-0.03","-0.03","0.05","0.05","0.03","0.1","0.06","0.07000000000000001","0.08","0.09","0.08","0.11","0.15","0.13","0.18","0.04","0.05","0.05"
"pretax_margin","-0.03","-0.03","0.05","0.05","0.03","0.1","0.06","0.07000000000000001","0.08","0.09","0.08","0.11","0.15","0.13","0.18","0.04","0.05","0.05"
"net_income_margin","-0.02","-0.02","0.03","0.03","0.02","0.07000000000000001","0.04","0.05","0.06","0.06","0.07000000000000001","0.08","0.11","0.1","0.13","0.03","0.04","0.04"
"underwriting_margin","0.85","0.88","0.91","0.6","0.57","0.6","0.55","0.58","0.58","0.58","0.59","0.59","0.61","0.6","0.6","0.54","0.58","0.62"
"assets_to_equity","2.62","2.9","2.72","2.92","2.64","2.57","2.67","2.98","2.99","2.93","2.75","2.84","2.6","2.6","2.84","3.19","3.46","3.06"
"equity_to_assets","0.38","0.35","0.37","0.34","0.38","0.39","0.37","0.34","0.33","0.34","0.36","0.35","0.38","0.38","0.35","0.31","0.29","0.33"
"premiums_per_share","56.58","41.2","31.78","29.96","29.24","34.56","38.44","36.06","40.14","42.31","42.89","42.31","44.26","50.86","66.03","61.81","44.95","44.79"
"revenue_per_share","58.42","41.99","38.91","36.79","35.74","41.84","45.43","43.04","47.12","50.16","51.31","50.72","54.52","62.65","82.70999999999999","70.78","57.34","57.27"
"ebitda_per_share","-1.1","-0.2","2.76","2.76","1.94","5","3.53","4.01","4.72","5.19","5.1","6.49","9.09","9.49","16.16","4.6","4.43","4.47"
"operating_income_per_share","-2.01","-1.11","1.96","2","1.22","4.31","2.85","3.23","3.94","4.3","3.96","5.38","7.96","8.17","14.73","3.04","2.62","2.61"
"pretax_income_per_share","-2.01","-1.11","1.96","2","1.22","4.31","2.85","3.23","3.94","4.3","3.96","5.38","7.96","8.17","14.73","3.04","2.62","2.61"
"book_value_per_share","19.62","18.98","19.55","18.78","19.03","21.67","22.51","23.7","25.07","27.12","30.98","33.06","38.92","43.56","51.91","43.63","46.49","46.03"
"tangible_book_per_share","18.66","18.14","18.79","18.12","13.66","16.33","17.29","18.31","19.75","21.33","25.03","27","33.01","36.66","44.69","35.86","38.78","38.33"
"payout_ratio","","","","0.15","0.33","0.13","0.28","0.39","0.38","0.39","0.38","0.38","0.27","0.29","0.17","0.84","1.01","1.01"
"premiums_growth","","-0.27","-0.23","-0.04","-0.02","0.2","0.12","-0.07000000000000001","0.12","0.07000000000000001","0.03","-0.01","0.05","0.14","0.28","-0.1","-0.29",""
"policy_revenue_growth","","-0.28","-0.06","-0.03","-0.02","0.19","0.09","-0.05","0.1","0.07000000000000001","0.03","-0.02","0.07000000000000001","0.17","0.31","-0.19","-0.25",""
"revenue_growth","","-0.28","-0.07000000000000001","-0.03","-0.02","0.19","0.09","-0.06","0.11","0.08","0.03","","0.08","0.14","0.3","-0.18","-0.21",""
"ebitda_growth","","0.82","14.87","0.02","-0.29","1.62","-0.29","0.13","0.19","0.11","-0.01","0.28","0.41","0.04","0.68","-0.73","-0.06",""
"operating_income_growth","","0.44","2.76","0.04","-0.39","2.59","-0.34","0.13","0.23","0.1","-0.07000000000000001","0.37","0.48","0.02","0.78","-0.8","-0.16",""
"pretax_income_growth","","0.44","2.76","0.04","-0.39","2.59","-0.34","0.13","0.23","0.1","-0.07000000000000001","0.37","0.48","0.02","0.78","-0.8","-0.16",""
"net_income_growth","","0.41","2.46","0.04","-0.39","2.85","-0.38","0.25","0.23","0.19","0.23","0.12","0.49","-0.02","0.78","-0.79","-0.18",""
"eps_diluted_growth","","0.41","2.46","0.02","-0.39","2.79","-0.38","0.26","0.22","0.18","0.22","0.11","0.48","-0.01","0.8100000000000001","-0.78","-0.16",""
"shares_diluted_growth","","","","0.02","0.01","0.02","0.01","","0.01","0.01","0.01","0.01","","-0.01","-0.01","-0.04","-0.03",""
"cash_and_equiv_growth","","-0.2","-0.13","0.15","-0.35","0.47","0.23","0.41","-0.13","-0.02","0.39","0.05","0.02","-0.14","-0.03","","1.84",""
"total_investments_growth","","0.25","0.07000000000000001","0.24","-0.01","0.17","0.1","0.18","0.19","0.08","0.05","0.16","0.04","0.13","0.48","-0.11","-0.09",""
"total_assets_growth","","0.07000000000000001","-0.03","0.05","-0.08","0.13","0.08","0.17","0.07000000000000001","0.07000000000000001","0.08","0.11","0.08","0.11","0.29","-0.09","0.12",""
"total_equity_growth","","-0.03","0.03","-0.02","0.02","0.16","0.04","0.05","0.07000000000000001","0.09","0.16","0.08","0.18","0.11","0.17","-0.19","0.04",""
"shares_eop","104.006","104.006","104.132","104.457","105.41","107.239","105.9","107.541","109.098","109.944","110.925","111.496","112.476","110.353","109.7","103.2","103.1","103.72"
"dividends","","","","0.18","0.24","0.36","0.48","0.84","1","1.2","1.44","1.6","1.68","1.78","1.94","2.06","2.1","2.11"
"price_to_earnings","","","","12.21","17.06","8.58","16.02","15.61","13.6","11.74","14.69","10.49","9.279999999999999","8.19","6.91","20.54","30.64","29.09"
"price_to_book","","","","0.78","0.66","1.1","1.22","1.42","1.42","1.34","1.78","1.33","1.48","1.16","1.48","1.15","1.37","1.32"
"price_to_sales","","","","0.4","0.35","0.57","0.6","0.78","0.76","0.72","1.08","0.87","1.06","0.8","0.93","0.71","1.11","1.06"
"price_to_tangible_book","","","","0.8100000000000001","0.91","1.46","1.58","1.83","1.81","1.7","2.21","1.63","1.75","1.38","1.72","1.4","1.64","1.58"
"market_cap","","","","1560.58758","1335.5447","2583.38751","2986.38","3645.6399","3916.6182","4027.24872","6216.237","4977.18144","6559.60032","5697.52539","8581.831","5401.488","6643.764","6330.885"
"period_end_price","","","","14.94","12.67","24.09","28.2","33.9","35.9","36.63","56.04","44.64","58.32","51.63","78.23","52.34","64.44","64.44"
