"Company: ","Goldman Sachs Group Inc (GS:US)","","","","","","","","","","","","","","","","","","","","","","","",""
"Exchange: ","NYSE","","","","","","","","","","","","","","","","","","","","","","","",""
"Last Close Price: ","457.38","","","","","","","","","","","","","","","","","","","","","","","",""
"Industry: ","Capital Markets","","","","","","","","","","","","","","","","","","","","","","","",""
"Currency: ","USD","","","","","","","","","","","","","","","","","","","","","","","",""
"Country: ","US","","","","","","","","","","","","","","","","","","","","","","","",""
"Market Cap.: ","149006","","","","","","","","","","","","","","","","","","","","","","","",""
"Enterprise Value: ","182726","","","","","","","","","","","","","","","","","","","","","","","",""
"period_end_date","2000-11","2001-11","2002-11","2003-11","2004-11","2005-11","2006-11","2007-11","2008-11","2009-12","2010-12","2011-12","2012-12","2013-12","2014-12","2015-12","2016-12","2017-12","2018-12","2019-12","2020-12","2021-12","2022-12","2023-12","TTM"
"total_interest_income","17396","16620","11269","10751","11914","21250","35186","45968","35633","13907","12309","13174","11381","10060","9604","8452","9691","13113","19679","21738","13689","12120","29024","68515","73132"
"total_interest_expense","16410","15327","8868","7600","8888","18153","31688","41981","31357","6500","6806","7982","7501","6668","5557","5388","7104","10181","15912","17376","8938","5650","21346","62164","66954"
"net_interest_income","986","1293","2401","3151","3026","3097","3498","3987","4276","7407","5503","5192","3880","3392","4047","3064","2587","2932","3767","4362","4751","6470","7678","6351","6178"
"total_noninterest_revenue","15604","14518","11585","12872","16753","20725","32182","39242","14948","35468","31377","21156","28075","28473","27980","28146","25380","26808","32689","32164","39808","52869","39687","39903","42065"
"revenue","16590","15811","13986","16023","19779","23822","35680","43229","19224","42875","36880","26348","31955","31865","32027","31210","27967","29740","36456","36526","44559","59339","47365","46254","48243"
"credit_losses_provision","","","","","","","","","","","","","","","","","182","657","674","1065","3098","357","2715","1028","1517"
"net_interest_income_after_credit_losses_provision","986","1293","2401","3151","3026","3097","3498","3987","4276","7407","5503","5192","3880","3392","4047","3064","2405","2275","3093","3297","1653","6113","4963","5323","4661"
"total_noninterest_expense","11570","12115","10733","11567","13000","15512","21075","25588","16617","22342","23133","20004","20300","19166","18556","18456","17082","17877","22617","23658","25392","31795","30274","32794","33409"
"pretax_income","5020","3696","3253","4445","6676","8273","14560","17604","2336","19829","12892","6169","11207","11737","12357","8778","10304","11132","12481","10583","12479","27044","13486","10739","11983"
"income_tax","-1953","-1386","-1139","-1440","-2123","-2647","-5023","-6005","-14","-6444","-4538","-1727","-3732","-3697","-3880","-2695","-2906","-6846","-2022","-2117","-3020","-5409","-2225","-2223","-2569"
"net_income_continuing","3067","2310","2114","3005","4553","5626","9537","11599","2322","13385","8354","4442","7475","8040","8477","6083","7398","4286","10459","8466","9459","21635","11261","8516","9414"
"net_income_discontinued","","","","","","","","","","","","","","","","","","","","","","","","",""
"net_income","3067","2310","2114","3005","4553","5626","9537","11599","2322","13385","8354","4442","7475","8040","8477","6083","7398","4286","10459","8466","9459","21635","11261","8516","9414"
"preferred_dividends","","","","","","17","139","192","281","1193","641","1932","183","314","400","515","311","601","599","569","544","484","497","609","663"
"net_income_available_to_shareholders","3067","2310","2114","3005","4553","5609","9398","11407","2041","12192","7713","2510","7292","7726","8077","5568","7087","3685","9860","7897","8915","21151","10764","7907","8751"
"eps_basic","6.33","4.53","4.27","6.15","9.300000000000001","11.73","20.93","26.34","4.67","23.74","14.15","4.71","14.63","16.34","17.55","12.35","16.53","9.119999999999999","25.53","21.18","24.94","60.25","30.42","23.05","25.8"
"eps_diluted","6","4.26","4.03","5.87","8.92","11.21","19.69","24.73","4.47","22.13","13.18","4.51","14.13","15.46","17.07","12.14","16.29","9.01","25.27","21.03","24.74","59.45","30.06","22.87","25.61"
"shares_basic","484.6","509.7","495.6","488.4","489.5","478.1","449","433","437","512.3","542","524.6","496.2","471.3","458.9","448.9","427.4","401.6","385.4","371.6","356.4","350.5","352.1","340.8","340.8"
"shares_diluted","511.5","541.8","525.1","511.9","510.5","500.2","477.4","461.2","456.2","550.9","585.3","556.9","516.1","499.6","473.2","458.6","435.1","409.1","390.2","375.5","360.3","355.8","358.1","345.8","345.8"
"cash_and_equiv","3870","6909","4822","7087","4365","10261","6293","10282","15740","38291","39788","56008","72669","61133","57600","93439","121711","110051","130547","133546","155842","261036","241825","241577","241577"
"loans_gross","","","","","","","","","","","","","","15034","29166","45821","50181","66736","98903","110345","119989","162135","184829","188408","188408"
"allowance_for_loan_losses","","","","","","","","","","","","","","-139","-228","-414","-509","-803","-1066","-1441","-3874","-3573","-5543","-5050","-5050"
"loans_net","","","","","","","","","","","","","","14895","28938","45407","49672","65933","97837","108904","116115","158562","179286","183358","183358"
"total_investments","99541","123298","133968","158833","203265","277026","334561","452595","338325","342402","356953","364206","407011","339121","312248","313502","295952","315988","282216","373732","412128","400082","371695","572467","572467"
"ppe_net","","","","","","5097","6990","8975","10793","11380","11106","8697","8217","9196","9344","9956","12070","15094","18317","24246","25427","20386","19246","13415","13415"
"intangible_assets","","","","","","2055","2502","1771","1529","1377","2027","1666","1397","671","515","491","429","373","324","641","630","418","2009","1177","1177"
"goodwill","","","","","","3148","3184","3321","3523","3543","3495","3802","3702","3705","3645","3657","3666","3665","3758","4196","4332","4285","6374","5916","5916"
"other_lt_assets","180999","182011","216784","237879","323749","409217","484671","642852","514637","451949","497963","488846","445559","482786","443552","394943","376665","405672","398797","347703","448554","619219","621364","623684","623684"
"total_assets","284410","312218","355574","403799","531379","706804","838201","1119796","884547","848942","911332","923225","938555","911507","855842","861395","860165","916776","931796","992968","1163028","1463988","1441799","1641594","1641594"
"deposits_liability","","","","","","","10697","15370","27643","39418","38569","46109","70124","70807","82880","97519","124098","138604","158257","190019","259962","364227","386665","428417","428417"
"st_debt","33471","37597","40638","44202","54959","55219","72194","103967","73883","50447","72371","78223","67349","61982","60099","57020","52383","61818","50057","55611","66088","56125","67800","83149","83149"
"lt_debt","31395","31016","38711","57482","80696","100007","148976","197474","185678","196288","189773","182814","177630","168966","175394","186443","198075","227579","236027","221414","228301","265754","256399","250099","250099"
"other_lt_liabilities","203014","225374","257222","280483","370645","523576","570548","760185","532974","492075","533263","545700","547736","531285","454672","433685","398716","406532","397270","435659","512745","667956","613746","763024","763024"
"total_liabilities","267880","293987","336571","382167","506300","678802","802415","1076996","820178","778228","833976","852846","862839","833040","773045","774667","773272","834533","841611","902703","1067096","1354062","1324610","1524689","1524689"
"common_stock","5","5","5","5","6","6","6","6","7","8","8","8","8","8","9","9","9","9","9","9","9","9","9","9","9"
"preferred_stock","","","","","","1750","3100","3100","16471","6957","6957","3100","6200","7200","9200","11200","11203","11853","11203","11203","11203","10703","10703","11203","11203"
"retained_earnings","3294","5373","7259","9914","13970","19085","27868","38642","39913","50252","57163","58834","65223","71961","78984","83386","89039","91519","100100","106465","112947","131811","139372","143688","143688"
"aoci","2752","3154","2527","2651","1907","","21","-118","-202","-362","-286","-516","-193","-524","-743","-718","-1216","-1880","693","-1484","-1434","-2068","-3010","-2918","-2918"
"apic","11127","11785","12773","13562","15501","17159","19731","22027","31071","39770","42103","45553","48030","48998","50049","51340","52638","53357","54005","54883","55679","56396","59050","60247","60247"
"treasury_stock","-648","-2086","-3561","-4500","-6305","-13413","-21230","-30159","-32175","-32156","-36295","-42281","-46850","-53015","-58468","-62640","-68694","-75392","-78670","-84006","-85940","-91136","-94631","-100445","-100445"
"other_equity","","","","","","3415","6290","9302","9284","6245","7706","5681","3298","3839","3766","4151","3914","2777","2845","3195","3468","4211","5696","5121","5121"
"total_equity","16530","18231","19003","21632","25079","28002","35786","42800","64369","70714","77356","70379","75716","78467","82797","86728","86893","82243","90185","90265","95932","109926","117189","116905","116905"
"total_liabilities_and_equity","284410","312218","355574","403799","531379","706804","838201","1119796","884547","848942","911332","923225","938555","911507","855842","861395","860165","916776","931796","992968","1163028","1463988","1441799","1641594","1641594"
"cfo_net_income","3067","2310","2114","3005","4553","5626","9537","11599","2322","13385","8354","4442","7475","8040","8477","6083","7398","4286","10459","8466","9459","21635","11261","8516","9414"
"cfo_da","486","873","744","1145","845","854","995","1167","1625","1943","1904","1869","1738","1322","1337","991","998","1152","1328","1704","1902","2015","2455","4856","4513"
"cfo_receivables","","","","","-776","1322","-1794","-3811","-6587","6265","201","-3780","-20499","-3682","12328","19132","-15813","-30082","","","","","","",""
"cfo_inventory","","","","","","","","","","","","","","","","","","","","","","","","",""
"cfo_prepaid_expenses","","","","","","","","","","","","","","","","","","","","","","","","",""
"cfo_other_working_capital","-3806","352","-12244","-14319","-40277","-21521","-63334","-82996","4686","25704","-21190","16395","23696","-2970","-32365","-19388","11064","-3615","5077","10969","-34080","-20062","-9394","-27712","-66485"
"cfo_change_in_working_capital","-3806","352","-12244","-14319","-41053","-20199","-65128","-86807","-1901","31969","-20989","12615","3197","-6652","-20037","-256","-4749","-33697","5077","10969","-34080","-20062","-9394","-27712","-66485"
"cfo_deferred_tax","-352","52","230","93","1040","-450","-1505","129","-1763","-431","1339","726","-356","29","495","425","551","5458","-2645","-334","-833","5","-2412","-1360","60"
"cfo_stock_comp","","","","","1224","1756","3654","4465","1611","2009","4035","2849","1319","2015","2085","2272","2111","1769","1831","2018","1920","2348","4083","2085","2388"
"cfo_other_noncash_items","2212","-722","-921","-6663","","","","","","","","","-494","-211","-289","-34","185","543","514","1045","3097","357","2715","1028","81"
"cf_cfo","1607","2865","-10077","-16739","-33391","-12413","-52447","-69447","1894","48875","-5357","22501","12879","4543","-7932","9481","6494","-20489","16564","23868","-18535","6298","8708","-12587","-50029"
"cfi_ppe_net","-3540","-1370","-1008","-856","-829","-782","-1675","-2037","-1906","-1474","-1155","-1106","-912","-644","-648","-1605","-2484","-2610","-4271","-1811","-3339","-734","-1042","962","1044"
"cfi_acquisitions_net","","","","","-255","-556","-1661","-1900","-2613","-221","-804","-431","-593","-2274","-1732","-1808","","-2383","-162","-803","-231","","-2115","",""
"cfi_investment_net","","","","","","274","-6412","4333","182","134","1774","3022","512","2582","1514","1019","1517","-4350","-1323","-11961","-19613","5789","-47575","-13408","-18688"
"cfi_intangibles_net","","","","","","","","","","","","","","","","","","","","","","","","",""
"cfi_other","-116","-539","-95","-721","","","","","","","-800","-856","-2741","-8392","-14043","-16180","10642","-17034","-13064","-9661","-11173","-35520","-25228","-4866","-5670"
"cf_cfi","-3656","-1909","-1103","-1577","-1084","-1064","-9748","396","-4337","-1561","-985","629","-3734","-8728","-14909","-18574","9675","-26377","-18820","-24236","-34356","-30465","-75960","-17312","-23314"
"cff_common_stock_net","-647","-1433","-1415","-796","-1284","-5965","-6204","-8165","4071","6258","-3602","-5680","-4323","-6110","-5346","-3876","-6072","-6765","-3256","-5335","-1928","-5200","-3500","-5796","-4750"
"cff_pfd_net","","","","","","1719","1349","","13366","-9574","","-3857","3087","991","369","1992","132","645","-650","-2","-1","-503","","496",""
"cff_debt_net","3728","3747","10736","21496","32986","23070","55185","72083","-23987","-25796","12160","-4062","-16002","-2584","11805","17686","8704","29131","7086","-24008","6703","39131","38147","-4713","-884"
"cff_dividend_paid","-217","-231","-228","-350","-497","-511","-754","-831","-850","-2205","-1443","-2771","-1086","-1302","-1454","-1681","-1706","-1769","-1810","-2104","-2336","-2725","-3682","-4189","-4299"
"cff_other","","","","231","548","1060","14518","10303","15301","8489","724","9460","25840","1654","13625","13386","11045","13964","21382","34816","67942","104035","28637","42002","65448"
"cf_cff","2864","2083","9093","20581","31753","19373","64094","73390","7901","-22828","7839","-6910","7516","-7351","18999","27507","12103","35206","22752","3367","70380","134738","59602","27800","55515"
"ebitda","5506","4569","3997","5590","7521","9127","15555","18771","3961","21772","14796","8038","12945","13059","13694","9769","11302","12284","13809","12287","14381","29059","15941","15595","16496"
"earning_assets","103411","130207","138790","165920","207630","287287","340854","462877","354065","380693","396741","420214","479680","415288","399014","452762","467844","492775","511666","617623","687959","823253","798349","1002452","1014435"
"book_value","16530","18231","19003","21632","25079","26252","32686","39700","47898","63757","70399","67279","69516","71267","73597","75528","75690","70390","78982","79062","84729","99223","106486","105702","107343"
"tangible_book_value","16530","18231","19003","21632","25079","21049","27000","34608","42846","58837","64877","61811","64417","66891","69437","71380","71595","66352","74900","74225","79767","94520","98103","98609","100425"
"roa","0.01","0.01","0.01","0.01","0.01","0.01","0.01","0.01","","0.02","0.01","","0.01","0.01","0.01","0.01","0.01","","0.01","0.01","0.01","0.02","0.01","0.01","0.01"
"roe","0.23","0.13","0.11","0.15","0.19","0.21","0.3","0.3","0.04","0.2","0.11","0.06","0.1","0.1","0.11","0.07000000000000001","0.09","0.05","0.12","0.09","0.1","0.21","0.1","0.07000000000000001","0.08"
"ebitda_margin","0.33","0.29","0.29","0.35","0.38","0.38","0.44","0.43","0.21","0.51","0.4","0.31","0.41","0.41","0.43","0.31","0.4","0.41","0.38","0.34","0.32","0.49","0.34","0.34","0.34"
"pretax_margin","0.3","0.23","0.23","0.28","0.34","0.35","0.41","0.41","0.12","0.46","0.35","0.23","0.35","0.37","0.39","0.28","0.37","0.37","0.34","0.29","0.28","0.46","0.28","0.23","0.25"
"net_income_margin","0.18","0.15","0.15","0.19","0.23","0.24","0.27","0.27","0.12","0.31","0.23","0.17","0.23","0.25","0.26","0.19","0.26","0.14","0.29","0.23","0.21","0.36","0.24","0.18","0.2"
"net_interest_margin","0.01","0.01","0.02","0.02","0.02","0.01","0.01","0.01","0.01","0.02","0.01","0.01","0.01","0.01","0.01","0.01","0.01","0.01","0.01","0.01","0.01","0.01","0.01","0.01","0.01"
"assets_to_equity","17.21","17.13","18.71","18.67","21.19","25.24","23.42","26.16","13.74","12.01","11.78","13.12","12.4","11.62","10.34","9.93","9.9","11.15","10.33","11","12.12","13.32","12.3","14.04","14.33"
"equity_to_assets","0.06","0.06","0.05","0.05","0.05","0.04","0.04","0.04","0.07000000000000001","0.08","0.08","0.08","0.08","0.09","0.1","0.1","0.1","0.09","0.1","0.09","0.08","0.08","0.08","0.07000000000000001","0.07000000000000001"
"earning_assets_to_equity","6.26","7.14","7.3","7.67","8.279999999999999","10.26","9.52","10.81","5.5","5.38","5.13","5.97","6.34","5.29","4.82","5.22","5.38","5.99","5.67","6.84","7.17","7.49","6.81","8.57","8.56"
"loans_to_deposits","","","","","","","","","","","","","","0.21","0.35","0.47","0.4","0.48","0.62","0.58","0.46","0.45","0.48","0.44","0.43"
"loan_loss_reserve_to_loans","","","","","","","","","","","","","","0.01","0.01","0.01","0.01","0.01","0.01","0.01","0.03","0.02","0.03","0.03","0.03"
"revenue_per_share","32.43","29.18","26.63","31.3","38.74","47.62","74.73999999999999","93.73","42.14","77.83","63.01","47.31","61.92","63.78","67.68000000000001","68.05","64.28","72.7","93.43000000000001","97.27","123.67","166.78","132.27","133.76","140.8"
"ebitda_per_share","10.76","8.43","7.61","10.92","14.73","18.25","32.58","40.7","8.68","39.52","25.28","14.43","25.08","26.14","28.94","21.3","25.98","30.03","35.39","32.72","39.91","81.67","44.52","45.1","48.17"
"pretax_income_per_share","9.81","6.82","6.2","8.68","13.08","16.54","30.5","38.17","5.12","35.99","22.03","11.08","21.71","23.49","26.11","19.14","23.68","27.21","31.99","28.18","34.64","76.01000000000001","37.66","31.06","35.05"
"book_value_per_share","32.32","33.65","36.19","42.26","49.13","52.48","68.47","86.08","104.99","115.73","120.28","120.81","134.69","142.65","155.53","164.69","173.96","172.06","202.41","210.55","235.16","278.87","297.36","305.67","316.18"
"tangible_book_per_share","32.32","33.65","36.19","42.26","49.13","42.08","56.56","75.04000000000001","93.92","106.8","110.84","110.99","124.81","133.89","146.74","155.65","164.55","162.19","191.95","197.67","221.39","265.65","273.95","285.16","295.8"
"payout_ratio","0.08","0.11","0.12","0.13","0.11","0.09","0.07000000000000001","0.06","0.31","0.07000000000000001","0.11","0.31","0.13","0.13","0.13","0.21","0.16","0.32","0.12","0.2","0.2","0.11","0.3","0.46","0.42"
"net_interest_income_growth","0.4","0.31","0.86","0.31","-0.04","0.02","0.13","0.14","0.07000000000000001","0.73","-0.26","-0.06","-0.25","-0.13","0.19","-0.24","-0.16","0.13","0.28","0.16","0.09","0.36","0.19","-0.17",""
"revenue_growth","0.24","-0.05","-0.12","0.15","0.23","0.2","0.5","0.21","-0.5600000000000001","1.23","-0.14","-0.29","0.21","","0.01","-0.03","-0.1","0.06","0.23","","0.22","0.33","-0.2","-0.02",""
"ebitda_growth","1.36","-0.17","-0.13","0.4","0.35","0.21","0.7","0.21","-0.79","4.5","-0.32","-0.46","0.61","0.01","0.05","-0.29","0.16","0.09","0.12","-0.11","0.17","1.02","-0.45","-0.02",""
"pretax_income_growth","1.52","-0.26","-0.12","0.37","0.5","0.24","0.76","0.21","-0.87","7.49","-0.35","-0.52","0.82","0.05","0.05","-0.29","0.17","0.08","0.12","-0.15","0.18","1.17","-0.5","-0.2",""
"net_income_growth","0.13","-0.25","-0.08","0.42","0.52","0.24","0.7","0.22","-0.8","4.76","-0.38","-0.47","0.68","0.08","0.05","-0.28","0.22","-0.42","1.44","-0.19","0.12","1.29","-0.48","-0.24",""
"eps_diluted_growth","0.08","-0.29","-0.05","0.46","0.52","0.26","0.76","0.26","-0.82","3.95","-0.4","-0.66","2.13","0.09","0.1","-0.29","0.34","-0.45","1.8","-0.17","0.18","1.4","-0.49","-0.24",""
"shares_diluted_growth","0.05","0.06","-0.03","-0.03","","-0.02","-0.05","-0.03","-0.01","0.21","0.06","-0.05","-0.07000000000000001","-0.03","-0.05","-0.03","-0.05","-0.06","-0.05","-0.04","-0.04","-0.01","0.01","-0.03",""
"cash_and_equiv_growth","-0.14","0.79","-0.3","0.47","-0.38","1.35","-0.39","0.63","0.53","1.43","0.04","0.41","0.3","-0.16","-0.06","0.62","0.3","-0.1","0.19","0.02","0.17","0.68","-0.07000000000000001","",""
"loans_gross_growth","","","","","","","","","","","","","","","0.9399999999999999","0.57","0.1","0.33","0.48","0.12","0.09","0.35","0.14","0.02",""
"loans_net_growth","","","","","","","","","","","","","","","0.9399999999999999","0.57","0.09","0.33","0.48","0.11","0.07000000000000001","0.37","0.13","0.02",""
"total_assets_growth","0.14","0.1","0.14","0.14","0.32","0.33","0.19","0.34","-0.21","-0.04","0.07000000000000001","0.01","0.02","-0.03","-0.06","0.01","","0.07000000000000001","0.02","0.07000000000000001","0.17","0.26","-0.02","0.14",""
"deposits_growth","","","","","","","","0.44","0.8","0.43","-0.02","0.2","0.52","0.01","0.17","0.18","0.27","0.12","0.14","0.2","0.37","0.4","0.06","0.11",""
"total_equity_growth","0.63","0.1","0.04","0.14","0.16","0.12","0.28","0.2","0.5","0.1","0.09","-0.09","0.08","0.04","0.06","0.05","","-0.05","0.1","","0.06","0.15","0.07000000000000001","",""
"earning_assets_growth","0.6","0.26","0.07000000000000001","0.2","0.25","0.38","0.19","0.36","-0.24","0.08","0.04","0.06","0.14","-0.13","-0.04","0.13","0.03","0.05","0.04","0.21","0.11","0.2","-0.03","0.26",""
"shares_eop","448.862","476.229","472.941","473.015","480.96","437.171","412.666","390.682","461.784","515.114","507.531","485.468","465.148","446.359","430.259","419.481","392.632","374.809","367.742","347.343","344.089","333.573","334.919","323.376","322.46"
"dividends","0.48","0.48","0.48","0.74","1","1","1.3","1.4","1.4","1.52","1.4","1.4","1.77","2.05","2.25","2.55","2.6","2.9","3.15","4.15","5","6.5","9","10.5","10.75"
"price_to_earnings","12.02","18.42","17.64","15.12","11.07","10.02","8.43","7.63","15.71","6.5","10.22","9.880000000000001","7.94","9.84","9.84","12.43","12.71","22.28","5.87","9.43","9.59","5.9","10.21","14.65","14.38"
"price_to_book","2.23","2.33","1.96","2.1","2.01","2.15","2.46","2.23","0.76","1.36","1.21","0.65","0.85","1.11","1.13","1","1.24","1.36","0.78","1.01","1.07","1.29","1.08","1.18","1.26"
"price_to_sales","2.22","2.69","2.67","2.84","2.55","2.37","2.25","2.05","1.9","2.03","2.31","1.67","1.86","2.48","2.6","2.42","3.36","3.21","1.69","2.19","2.04","2.15","2.43","2.7","2.81"
"price_to_tangible_book","2.23","2.33","1.96","2.1","2.01","2.68","2.98","2.56","0.85","1.48","1.32","0.71","0.92","1.18","1.2","1.06","1.31","1.44","0.82","1.08","1.14","1.35","1.17","1.27","1.35"
"market_cap","36865.03606","42551.06115","37300.85667","45447.2812","50385.3696","56377.57216","80387.3368","88544.16847999999","36476.31816","86971.84776","85346.41296","43900.87124","59334.27888","79121.59634","83397.10197","75603.06063000001","94015.73239999999","95486.34084","61431.3011","79864.57599","90739.71019","127608.35115","115004.48622","124748.75952","135337.40766"
"period_end_price","82.13","89.34999999999999","78.87","96.08","104.76","128.96","194.8","226.64","78.98999999999999","168.84","168.16","90.43000000000001","127.56","177.26","193.83","180.23","239.45","254.76","167.05","229.93","263.71","382.55","343.38","385.77","385.77"
