"Company: ","Lincoln National Corporation (LNC:US)","","","","","","","","","","","","","","","","","","","","","","","",""
"Exchange: ","NYSE","","","","","","","","","","","","","","","","","","","","","","","",""
"Last Close Price: ","31.94","","","","","","","","","","","","","","","","","","","","","","","",""
"Industry: ","Insurance","","","","","","","","","","","","","","","","","","","","","","","",""
"Currency: ","USD","","","","","","","","","","","","","","","","","","","","","","","",""
"Country: ","US","","","","","","","","","","","","","","","","","","","","","","","",""
"Market Cap.: ","5488","","","","","","","","","","","","","","","","","","","","","","","",""
"Enterprise Value: ","7092","","","","","","","","","","","","","","","","","","","","","","","",""
"period_end_date","2000-12","2001-12","2002-12","2003-12","2004-12","2005-12","2006-12","2007-12","2008-12","2009-12","2010-12","2011-12","2012-12","2013-12","2014-12","2015-12","2016-12","2017-12","2018-12","2019-12","2020-12","2021-12","2022-12","2023-12","TTM"
"premiums_earned","1813.111","1704.002","315.943","-280.951","-298.904","308","1406","1947","2018","2064","5410","5731","6198","6756","7661","8291","2987","3256","4601","12010","11743","11656","11690","9139","9161"
"net_investment_income","2747.118","2679.617","2608.327","-2638.526","-2704.129","-2702","4057","4378","4130","4178","4381","4528","4545","4684","4843","4773","4772","4972","5299","4797","5109","4405","6475","3795","3754"
"fees_and_other_income","2286.871","1994.381","1711.73","8203.358","8374.307000000001","7869","3499","4150","3076","2257","624","382","792","529","1050","508","5571","6029","6522","452","704","1536","760","-1232","-917"
"revenue","6847.1","6378","4636","5283.881","5371.274","5475","8962","10475","9224","8499","10415","10641","11535","11969","13554","13572","13330","14257","16422","17259","17556","17597","18925","11702","11998"
"sga","1148","1114.5","867.8","894.4","897.4","914.1","","","","","1471","1492","1631","1692","1700","1730","1687","1766","1953","2210","2072","2252","2240","2390",""
"net_policyholder_claims_expense","3557.16","3409.74","2859.505","2414.443","2303.652","2332","1911","2562","3059","2836","3327","3345","3541","3862","4679","5044","4692","5160","6786","7880","8677","8320","11245","5986","5803"
"policy_acquisition_expense","2318.518","860.3","1677.72","1726.774","1931.504","1981","2790","3284","3138","2794","-476","-551","-275","-640","-432","-226","-70","-350","-402","-540","-156","-337","-352","-174",""
"interest_expense_insurance","139.538","121.019","96.613","95.101","100.46","87","224","284","281","197","291","294","273","265","267","272","331","253","297","326","284","270","283","331","330"
"operating_income","","","","1047.563","1035.658","1075","1778","1874","-137","-521","1135","503","1568","1631","1997","1430","1458","1130","1885","919","423","4643","1725","-1148","1550"
"pretax_income","","","","1047.563","1035.658","1075","1778","1874","-137","-521","1135","503","1568","1631","1997","1430","1458","1130","1885","919","423","4643","1725","-1148","1550"
"income_tax","-214.898","-144.712","89.96599999999999","-280.408","-304.147","-244","-483","-553","127","106","-262","-274","-282","-387","-483","-276","-266","949","-244","-33","76","-865","-367","396","-199"
"net_income_continuing","-214.898","-144.712","89.96599999999999","767.155","731.511","831","1295","1321","-10","-415","873","229","1286","1244","1514","1154","1192","2079","1641","886","499","3778","1358","-752","1351"
"net_income_discontinued","","","","","","","21","-106","67","-70","29","-8","27","","1","","","","","","","","","",""
"income_allocated_to_minority_interest","","","","","","","","","","","","","","","","","","","","","","","","",""
"net_income","585.3","545.6","91.59","511.936","707.009","831","1316","1215","57","-485","902","221","1313","1244","1515","1154","1192","2079","1641","886","499","3778","1358","-752","1351"
"preferred_dividends","0.078","0.07099999999999999","","0.058","0.053","0.048","","","","35","167","","","","","","","","","","","","","82","90"
"net_income_available_to_shareholders","585.222","545.529","91.59","511.878","706.956","830.952","1316","1215","57","-520","735","221","1313","1244","1515","1154","1192","2079","1641","886","499","3778","1358","-834","1261"
"eps_basic","3.06","2.89","0.27","2.89","4.01","4.8","5.21","4.5","0.22","-1.85","2.37","0.72","4.68","4.68","5.81","4.6","5.09","9.359999999999999","7.6","4.41","2.58","20.17","7.93","-4.92","7.41"
"eps_diluted","3.03","2.85","0.26","2.85","3.95","4.72","5.13","4.43","0.22","-1.85","2.3","0.6899999999999999","4.56","4.52","5.67","4.51","5.03","9.220000000000001","7.4","4.38","2.56","19.96","7.78","-4.92","7.31"
"shares_basic","191.249","188.764","189.3","177.14","176.298","173.06","252.363","270.3","257.499","280.031","310.005","307.216","280.648","265.631","260.878","250.629","234.182","222.129","215.936","200.609","193.61","187.36","171.035","169.563","169.563"
"shares_diluted","193.143","191.414","189.3","179.627","178.976","176.078","256.169","273.91","259.391","285.636","319.214","314.95","287.591","275.149","267.964","254.938","236.83","226.221","219.552","202.105","194.465","189.638","172.7","170.739","170.739"
"cash_and_equiv","","","","1711.196","1661.686","2312","1622","1665","5926","4025","2741","4510","4230","2364","3919","3146","2722","1628","2345","2563","1708","2612","3343","3365","3365"
"total_investments","6623.882","6475.233","6151.096","39462.156","40976.062","35450","70615","70907","63819","74734","82062","88773","95250","93145","99378","98876","103540","109867","111842","128792","146863","143901","124321","112842","112842"
"receivables","296.705","400.076","212.942","8191.312","232.942","7269","356","401","481","321","335","6934","6829","6461","6203","5999","5695","5303","18318","17609","16982","20295","19953","29843","29843"
"deferred_policy_acquisition_cost","3070.507","2885.311","2970.866","3147.139","3444.965","5163","8420","9580","11936","9510","8930","6776","6667","8886","8207","9510","9134","8403","10264","7694","5812","6083","12235","12397","12397"
"ppe_net","","","","","","","","","","","","","","","","","","","","","","","","",""
"intangible_assets","2842.968","2624.39","2525.205","1230.427","1116.121","","","4144","3944","","","","","","","","","","","","","","","",""
"other_lt_assets","87036.538","85656.59","81324.53599999999","51767.948","67591.629","73472","93345","104738","77030","85830","96737","92225","103620","123816","133397","132104","138263","155194","153596","176325","192805","212276","173335","212822","212822"
"total_assets","99870.60000000001","98041.60000000001","93184.645","106744.868","116219.265","124860","178495","191435","163136","177433","193824","201491","218869","236945","253377","251908","261627","281763","298147","334761","365948","386945","334331","372413","372413"
"unearned_premiums","","","","","","","","","","","","","","","","","","","","","","","","",""
"future_policy_benefits","","","","","","","14771","16007","19260","15958","16339","19813","19780","17251","20057","20708","21576","22887","34648","36420","40814","41030","38826","39864","39864"
"other_current_liabilities","18377.061","19247.894","21286.396","47318.065","70554.545","47295","61239","62892","66595","67315","70407","73199","76399","77786","79921","82019","83898","84626","96038","103100","111627","120656","241947","128842","128842"
"st_debt","312.927","350.203","153.045","43.976","214.415","120","658","550","815","350","351","300","200","500","250","","","450","","550","250","550","500","250","250"
"current_deferred_tax_liability","","","","","","","","","","","","","","","","","","","","","","","","",""
"lt_debt","1144.273","986.297","1119.245","1458.835","1388.436","1333","3458","4618","4731","5050","5399","5391","5439","5320","5270","5553","5345","4894","5839","5817","6432","6075","5955","5699","5699"
"other_lt_liabilities","74310.739","71678.75","64885.811","52112.367","37546.48","69728","86168","95650","63758","77060","88522","89687","102078","122636","132139","130011","136330","151584","147272","169185","184126","197880","42001","190865","190865"
"total_liabilities","94145","92263.144","87444.497","100933.243","109703.876","118476","166294","179717","155159","165733","181018","188390","203896","223493","237637","238291","247149","264441","283797","315072","343249","366191","329229","365520","365520"
"common_stock","1004","1255","1431","1529","1655","1775","7449","7200","7035","7840","8124","7590","7121","6876","6622","6298","5869","5693","5392","5162","5082","4735","4544","4605","4605"
"preferred_stock","","","","0.593","0.5659999999999999","1","1","","","806","","","","","","","","","","","","","986","986","986"
"retained_earnings","3915.598","3834.427","3180.928","3413.302","3589.533","4081","4138","4293","3745","3316","3934","2831","4044","5013","6022","6474","7043","8399","8551","8854","8686","9578","5924","4778","4778"
"aoci","21.93","-8.061999999999999","50.78","869.029","930.705","527","613","225","-2803","-262","748","2680","3808","1563","3096","845","1566","3230","407","5673","8931","6441","-6352","-3476","-3476"
"apic","","","","","","","","","","","","","","","","","","","","","","","","",""
"treasury_stock","","","","","","","","","","","","","","","","","","","","","","","","",""
"other_equity","39.072","222.435","685.292","-0.29900000000089","-0.21500000000015","","","","","","","","","","","","","","","","","","","",""
"total_equity","5725.6","5778.456","5740.658","5811.625","6515.389","6384","12201","11718","7977","11700","12806","13101","14973","13452","15740","13617","14478","17322","14350","19689","22699","20754","5102","6893","6893"
"total_liabilities_and_equity","99870.60000000001","98041.60000000001","93185.155","106744.868","116219.265","124860","178495","191435","163136","177433","193824","201491","218869","236945","253377","251908","261627","281763","298147","334761","365948","386945","334331","372413","372413"
"cfo_net_income","621.393","590.211","91.59","511.936","-707.009","831","1316","1215","57","-485","902","221","1313","1244","1515","1154","1192","2079","1641","886","499","3778","1358","-752","1351"
"cfo_da","237.012","199.018","106.602","12.311","191.156","1","61","-83","-76","-76","4","4","4","4","4","4","4","4","9","26","37","50","65","44",""
"cfo_receivables","-37.075","63.931","187.134","-666.255","96.51000000000001","113","49","21","69","128","-14","-73","28","-40","-53","97","-54","34","-87","105","-21","-93","-54","",""
"cfo_inventory","","","","","","","","","","","","","","","","","","","","","","","","",""
"cfo_prepaid_expenses","-423.087","-343.663","-280.587","-335.651","-354.066","-442.101","","","","","","","","","","","","","","","","","","",""
"cfo_other_working_capital","-314699.528","-80335.129","222074.906","-304.465","-994.936","-91.899","1977","1307","-45","-771","875","177","-183","-500","207","660","-605","-2598","568","-2171","-851","-490","5224","-3327","-2357"
"cfo_change_in_working_capital","-315159.69","-80614.861","221981.453","-1306.371","-1252.492","-421","2026","1328","24","-643","861","104","-155","-540","154","757","-659","-2564","481","-2066","-872","-583","5170","-3327","-2357"
"cfo_deferred_tax","","","","","","","","","","","","","","","","","","","","","","","","",""
"cfo_stock_comp","","","","","","","53","47","35","","","","","","","","","","","","","","","",""
"cfo_other_noncash_items","316286.873","81078.662","-221690.081","1826.077","2878.921","797","-406","-552","1219","2141","-47","947","107","91","853","328","735","1269","-188","-1532","870","-3462","-2984","1961","-1637"
"cf_cfo","1985.588","1253.03","489.564","1043.953","1110.576","1208","3050","1955","1259","937","1720","1276","1269","799","2526","2243","1272","788","1943","-2686","534","-217","3609","-2074","-2643"
"cfi_ppe_net","","","-195","","","","","","","","","","","","","","","","","","","","","",""
"cfi_acquisitions_net","85","2036.238","-195","","","14","","64","648","327","321","","","","","75","","","-1422","","","","","",""
"cfi_investment_net","787.784","-2574.328","-2808.611","112.236","181.013","670","-10524","-1730","-531","-6305","-5629","-4069","-4122","-3667","-2438","-3817","-2854","-2823","-3114","-2250","-10206","-5406","-7281","-1967","-2287"
"cfi_intangibles_net","","","","","","","","","","","","","","","","","","","","","","","","",""
"cfi_other","34.050999999999","-79.752000000001","-65.629000000001","-2166.976","-1234.455","-49","8259","-295","2454","-1874","-322","1944","265","-1043","633","-481","-812","-1365","-1279","-3249","725","1822","-4365","-1367","917"
"cf_cfi","906.835","-617.842","-3264.24","-2054.74","-1053.442","635","-2265","-1961","2571","-7852","-5630","-2125","-3857","-4710","-1805","-4223","-3666","-4188","-5815","-5499","-9481","-3584","-11646","-3334","-1370"
"cff_common_stock_net","-177.28","-413.491","-385.377","12.699","-268.196","-103","-1002","-888","-427","652","343","-575","-492","-450","-650","-900","-879","-725","-900","-550","-275","-1105","-550","",""
"cff_pfd_net","","-270.344","-81.998","","","","","","","950","-998","","","","","","","","","","","","986","",""
"cff_debt_net","-147.226","-222.313","-197.158","-168.781","94.67","-143","1303","1029","200","50","345","-327","-20","393","-417","95","-120","62","645","460","255","100","112","-493","-192"
"cff_dividend_paid","-222.661","-230.127","-234.621","-240.348","-249.151","-255","-385","-430","-430","-79","-42","-61","-91","-128","-170","-204","-238","-262","-289","-303","-311","-319","-310","-387","-396"
"cff_other","-2313.746","1669.174","2268.884","1427.879","316.033","-692","-1391","338","1088","3600","2819","3581","2911","2230","2071","2216","3207","3231","5133","8796","8423","6029","8530","6310","4957"
"cf_cff","-2860.913","532.899","1369.73","1031.449","-106.644","-1193","-1475","49","431","5173","2467","2618","2308","2045","834","1207","1970","2306","4589","8403","8092","4705","8768","5430","4369"
"ebitda","237.012","199.018","106.602","1059.874","1226.814","1076","1839","1791","-213","-597","1139","507","1572","1635","2001","1434","1462","1134","1894","945","460","4693","1790","-1104","1550"
"policy_revenue","4099.982","3698.383","2027.673","7922.407","8075.403","8177","4905","6097","5094","4321","6034","6113","6990","7285","8711","8799","8558","9285","11123","12462","12447","13192","12450","7907","8244"
"underwriting_profit","-1775.696","-571.657","-2509.552","3781.19","3840.247","3864","204","251","-1103","-1309","3183","3319","3724","4063","4464","3981","3936","4475","4739","5122","3926","5209","1557","2095","2441"
"book_value","5725.6","5778.456","5740.658","5811.032","6514.823","6383","12200","11718","7977","10894","12806","13101","14973","13452","15740","13617","14478","17322","14350","19689","22699","20754","4116","5907","6560"
"tangible_book_value","2882.632","3154.066","3215.453","4580.605","5398.702","6383","12200","7574","4033","10894","12806","13101","14973","13452","15740","13617","14478","17322","14350","19689","22699","20754","4116","5907","6560"
"roa","0.01","0.01","","0.01","0.01","0.01","0.01","0.01","","","","","0.01","0.01","0.01","","","0.01","0.01","","","0.01","","",""
"roe","0.11","0.09","0.02","0.09","0.11","0.13","0.14","0.1","0.01","-0.05","0.07000000000000001","0.02","0.09","0.09","0.1","0.08","0.08","0.13","0.1","0.05","0.02","0.17","0.11","-0.13","0.19"
"roi","0.13","0.41","0.41","-0.12","-0.07000000000000001","-0.07000000000000001","0.08","0.06","0.06","0.06","0.06","0.05","0.05","0.05","0.05","0.05","0.05","0.05","0.05","0.04","0.04","0.03","0.05","0.03","0.03"
"ebitda_margin","0.03","0.03","0.02","0.2","0.23","0.2","0.21","0.17","-0.02","-0.07000000000000001","0.11","0.05","0.14","0.14","0.15","0.11","0.11","0.08","0.12","0.05","0.03","0.27","0.09","-0.09","0.13"
"operating_margin","","","","0.2","0.19","0.2","0.2","0.18","-0.01","-0.06","0.11","0.05","0.14","0.14","0.15","0.11","0.11","0.08","0.11","0.05","0.02","0.26","0.09","-0.1","0.13"
"pretax_margin","","","","0.2","0.19","0.2","0.2","0.18","-0.01","-0.06","0.11","0.05","0.14","0.14","0.15","0.11","0.11","0.08","0.11","0.05","0.02","0.26","0.09","-0.1","0.13"
"net_income_margin","0.09","0.09","0.02","0.1","0.13","0.15","0.15","0.12","0.01","-0.06","0.09","0.02","0.11","0.1","0.11","0.09","0.09","0.15","0.1","0.05","0.03","0.21","0.07000000000000001","-0.06","0.11"
"underwriting_margin","-0.43","-0.15","-1.24","0.48","0.48","0.47","0.04","0.04","-0.22","-0.3","0.53","0.54","0.53","0.5600000000000001","0.51","0.45","0.46","0.48","0.43","0.41","0.32","0.39","0.13","0.26","0.3"
"assets_to_equity","17.44","16.97","16.23","18.37","17.84","19.56","14.63","16.34","20.45","15.17","15.14","15.38","14.62","17.61","16.1","18.5","18.07","16.27","20.78","17","16.12","18.64","65.53","54.03","50.81"
"equity_to_assets","0.06","0.06","0.06","0.05","0.06","0.05","0.07000000000000001","0.06","0.05","0.07000000000000001","0.07000000000000001","0.07000000000000001","0.07000000000000001","0.06","0.06","0.05","0.06","0.06","0.05","0.06","0.06","0.05","0.02","0.02","0.02"
"premiums_per_share","9.390000000000001","8.9","1.67","-1.56","-1.67","1.75","5.49","7.11","7.78","7.23","16.95","18.2","21.55","24.55","28.59","32.52","12.61","14.39","20.96","59.42","60.39","61.46","67.69","53.53","53.55"
"revenue_per_share","35.45","33.32","24.49","29.42","30.01","31.09","34.98","38.24","35.56","29.75","32.63","33.79","40.11","43.5","50.58","53.24","56.29","63.02","74.8","85.40000000000001","90.28","92.79000000000001","109.58","68.54000000000001","70.11"
"ebitda_per_share","1.23","1.04","0.5600000000000001","5.9","6.85","6.11","7.18","6.54","-0.82","-2.09","3.57","1.61","5.47","5.94","7.47","5.62","6.17","5.01","8.630000000000001","4.68","2.37","24.75","10.36","-6.47","9.039999999999999"
"operating_income_per_share","","","","5.83","5.79","6.11","6.94","6.84","-0.53","-1.82","3.56","1.6","5.45","5.93","7.45","5.61","6.16","5","8.59","4.55","2.18","24.48","9.99","-6.72","9.039999999999999"
"pretax_income_per_share","","","","5.83","5.79","6.11","6.94","6.84","-0.53","-1.82","3.56","1.6","5.45","5.93","7.45","5.61","6.16","5","8.59","4.55","2.18","24.48","9.99","-6.72","9.039999999999999"
"book_value_per_share","29.64","30.19","30.33","32.35","36.4","36.25","47.62","42.78","30.75","38.14","40.12","41.6","52.06","48.89","58.74","53.41","61.13","76.56999999999999","65.36","97.42","116.73","109.44","23.83","34.6","38.18"
"tangible_book_per_share","14.92","16.48","16.99","25.5","30.16","36.25","47.62","27.65","15.55","38.14","40.12","41.6","52.06","48.89","58.74","53.41","61.13","76.56999999999999","65.36","97.42","116.73","109.44","23.83","34.6","38.18"
"payout_ratio","0.39","0.43","4.98","0.48","0.36","0.31","0.3","0.36","6.61","-0.02","0.03","0.33","0.08","0.12","0.12","0.19","0.21","0.13","0.18","0.34","0.63","0.09","0.23","-0.37","0.25"
"premiums_growth","-0.04","-0.06","-0.8100000000000001","-1.89","-0.06","2.03","3.56","0.38","0.04","0.02","1.62","0.06","0.08","0.09","0.13","0.08","-0.64","0.09","0.41","1.61","-0.02","-0.01","","-0.22",""
"policy_revenue_growth","0.03","-0.1","-0.45","2.91","0.02","0.01","-0.4","0.24","-0.16","-0.15","0.4","0.01","0.14","0.04","0.2","0.01","-0.03","0.08","0.2","0.12","","0.06","-0.06","-0.36",""
"revenue_growth","0.01","-0.07000000000000001","-0.27","0.14","0.02","0.02","0.64","0.17","-0.12","-0.08","0.23","0.02","0.08","0.04","0.13","","-0.02","0.07000000000000001","0.15","0.05","0.02","","0.08","-0.38",""
"ebitda_growth","-0.68","-0.16","-0.46","8.94","0.16","-0.12","0.71","-0.03","-1.12","-1.8","2.91","-0.55","2.1","0.04","0.22","-0.28","0.02","-0.22","0.67","-0.5","-0.51","9.199999999999999","-0.62","-1.62",""
"operating_income_growth","-1","","","","-0.01","0.04","0.65","0.05","-1.07","-2.8","3.18","-0.5600000000000001","2.12","0.04","0.22","-0.28","0.02","-0.22","0.67","-0.51","-0.54","9.98","-0.63","-1.67",""
"pretax_income_growth","-1","","","","-0.01","0.04","0.65","0.05","-1.07","-2.8","3.18","-0.5600000000000001","2.12","0.04","0.22","-0.28","0.02","-0.22","0.67","-0.51","-0.54","9.98","-0.63","-1.67",""
"net_income_growth","0.27","-0.07000000000000001","-0.83","4.59","0.38","0.18","0.58","-0.08","-0.95","-9.51","2.86","-0.75","4.94","-0.05","0.22","-0.24","0.03","0.74","-0.21","-0.46","-0.44","6.57","-0.64","-1.55",""
"eps_diluted_growth","0.32","-0.06","-0.91","9.960000000000001","0.39","0.19","0.09","-0.14","-0.95","-9.41","2.24","-0.7","5.61","-0.01","0.25","-0.2","0.12","0.83","-0.2","-0.41","-0.42","6.8","-0.61","-1.63",""
"shares_diluted_growth","-0.03","-0.01","-0.01","-0.05","","-0.02","0.45","0.07000000000000001","-0.05","0.1","0.12","-0.01","-0.09","-0.04","-0.03","-0.05","-0.07000000000000001","-0.04","-0.03","-0.08","-0.04","-0.02","-0.09","-0.01",""
"cash_and_equiv_growth","-1","","","","-0.03","0.39","-0.3","0.03","2.56","-0.32","-0.32","0.65","-0.06","-0.44","0.66","-0.2","-0.13","-0.4","0.44","0.09","-0.33","0.53","0.28","0.01",""
"total_investments_growth","-0.8100000000000001","-0.02","-0.05","5.42","0.04","-0.13","0.99","","-0.1","0.17","0.1","0.08","0.07000000000000001","-0.02","0.07000000000000001","-0.01","0.05","0.06","0.02","0.15","0.14","-0.02","-0.14","-0.09",""
"total_assets_growth","-0.03","-0.02","-0.05","0.15","0.09","0.07000000000000001","0.43","0.07000000000000001","-0.15","0.09","0.09","0.04","0.09","0.08","0.07000000000000001","-0.01","0.04","0.08","0.06","0.12","0.09","0.06","-0.14","0.11",""
"total_equity_growth","0.14","0.01","-0.01","0.01","0.12","-0.02","0.91","-0.04","-0.32","0.47","0.09","0.02","0.14","-0.1","0.17","-0.13","0.06","0.2","-0.17","0.37","0.15","-0.09","-0.75","0.35",""
"shares_eop","190.644","187.585","177.363","178.68","174.345","281.178","276.809","264.568","256.043","302.223","315.719","291.319","271.403","262.897","256.551","243.836","226.335","218.09","205.863","196.669","192.33","177.194","169.221","169.666","170.03"
"dividends","1.18","1.24","1.3","1.36","1.42","1.48","1.54","1.6","1.46","0.04","0.08","0.23","0.36","0.52","0.68","0.85","1.04","1.2","1.36","1.51","1.62","1.71","1.8","1.8","1.8"
"price_to_earnings","15.41","16.7","61.15","14.09","11.51","17.94","13.97","12.68","84.63","-15.5","9.73","25.6","5.35","10.91","9.77","10.62","12.58","8.06","6.44","13.1","19.39","3.2","3.83","-6.08","4.02"
"price_to_book","1.58","1.58","0.98","1.24","1.25","2.34","1.51","1.31","0.6","0.6899999999999999","0.6899999999999999","0.43","0.47","1.01","0.9399999999999999","0.9","1.04","0.97","0.74","0.59","0.43","0.58","1.26","0.77","0.83"
"price_to_sales","1.32","1.43","1.21","1.37","1.52","2.72","2.05","1.47","0.52","0.88","0.84","0.53","0.61","1.13","1.09","0.9","1.13","1.18","0.64","0.67","0.55","0.6899999999999999","0.27","0.39","0.45"
"price_to_tangible_book","3.13","2.89","1.74","1.57","1.51","2.34","1.51","2.03","1.2","0.6899999999999999","0.6899999999999999","0.43","0.47","1.01","0.9399999999999999","0.9","1.04","0.97","0.74","0.59","0.43","0.58","1.26","0.77","0.83"
"market_cap","9019.36764","9111.00345","5601.12354","7213.3116","8138.4246","14910.86934","18380.1176","15403.14896","4823.85012","7519.30824","8780.14539","5657.41498","7029.3377","13570.74314","14795.29617","12255.19736","14999.22045","16764.5783","10562.83053","11605.43769","9676.122300000001","12095.26244","5198.46912","4575.89202","5428.64281"
"period_end_price","47.31","48.57","31.58","40.37","46.68","53.03","66.40000000000001","58.22","18.84","24.88","27.81","19.42","25.9","51.62","57.67","50.26","66.27","76.87","51.31","59.01","50.31","68.26000000000001","30.72","26.97","26.97"
